<?xml version="1.0" encoding="UTF-8"?>
<!DOCTYPE html PUBLIC "-//W3C//DTD XHTML 1.0 Transitional//EN"
    "http://www.w3.org/TR/xhtml1/DTD/xhtml1-transitional.dtd">
<html xmlns="http://www.w3.org/1999/xhtml" xml:lang="en" lang="en">
 <head>
  <title>
</title>
<meta http-equiv="Content-Type" content="text/html;charset=utf-8" />
  <meta name='ocr-system' content='tesseract 3.04.00' />
  <meta name='ocr-capabilities' content='ocr_page ocr_carea ocr_par ocr_line ocrx_word'/>
</head>
<body>
  <div class='ocr_page' id='page_1' title='image "./speciesgeneraeto0301agar_0716.png"; bbox 0 0 1757 3114; ppageno 0'>
   <div class='ocr_carea' id='block_1_1' title="bbox 72 125 157 166">
    <p class='ocr_par' dir='ltr' id='par_1_1' title="bbox 72 125 157 166">
     <span class='ocr_line' id='line_1_1' title="bbox 72 125 157 166; baseline 0.012 -1"><span class='ocrx_word' id='word_1_1' title='bbox 72 125 157 166; x_wconf 88' lang='grc'><strong>700</strong></span> 
     </span>
    </p>
   </div>
   <div class='ocr_carea' id='block_1_2' title="bbox 72 228 1608 507">
    <p class='ocr_par' dir='ltr' id='par_1_2' title="bbox 72 228 1608 507">
     <span class='ocr_line' id='line_1_2' title="bbox 72 228 1605 277; baseline -0.006 -7"><span class='ocrx_word' id='word_1_2' title='bbox 72 235 209 270; x_wconf 90' lang='lat' dir='ltr'><strong>minuti</strong></span> <span class='ocrx_word' id='word_1_3' title='bbox 234 234 429 270; x_wconf 86' lang='lat' dir='ltr'><strong>rotundati</strong></span> <span class='ocrx_word' id='word_1_4' title='bbox 455 244 560 267; x_wconf 86' lang='lat' dir='ltr'><strong>areas</strong></span> <span class='ocrx_word' id='word_1_5' title='bbox 586 234 783 277; x_wconf 88' lang='lat' dir='ltr'><strong>occupant,</strong></span> <span class='ocrx_word' id='word_1_6' title='bbox 812 243 910 265; x_wconf 91' lang='lat' dir='ltr'><strong>nunc</strong></span> <span class='ocrx_word' id='word_1_7' title='bbox 935 231 975 264; x_wconf 89' lang='lat' dir='ltr'><strong>in</strong></span> <span class='ocrx_word' id='word_1_8' title='bbox 1000 230 1140 266; x_wconf 86' lang='lat' dir='ltr'><strong>lineam</strong></span> <span class='ocrx_word' id='word_1_9' title='bbox 1166 230 1313 272; x_wconf 82' lang='lat' dir='ltr'><strong>seriati,</strong></span> <span class='ocrx_word' id='word_1_10' title='bbox 1339 228 1477 273; x_wconf 82' lang='lat' dir='ltr'><strong>saepius</strong></span> <span class='ocrx_word' id='word_1_11' title='bbox 1498 239 1605 262; x_wconf 87' lang='lat' dir='ltr'><strong>secus</strong></span> 
     </span>
     <span class='ocr_line' id='line_1_3' title="bbox 72 285 1605 336; baseline -0.007 -9"><span class='ocrx_word' id='word_1_12' title='bbox 72 292 253 327; x_wconf 88' lang='lat' dir='ltr'><strong>ambitum</strong></span> <span class='ocrx_word' id='word_1_13' title='bbox 280 303 376 327; x_wconf 79' lang='lat' dir='ltr'><strong>areae</strong></span> <span class='ocrx_word' id='word_1_14' title='bbox 404 289 591 336; x_wconf 74' lang='lat' dir='ltr'><strong>dispositi,</strong></span> <span class='ocrx_word' id='word_1_15' title='bbox 618 289 766 324; x_wconf 85' lang='lat' dir='ltr'><strong>demum</strong></span> <span class='ocrx_word' id='word_1_16' title='bbox 793 287 870 322; x_wconf 90' lang='lat' dir='ltr'><strong>fere</strong></span> <span class='ocrx_word' id='word_1_17' title='bbox 897 287 1042 321; x_wconf 89' lang='lat' dir='ltr'><strong>nullum</strong></span> <span class='ocrx_word' id='word_1_18' title='bbox 1068 287 1240 322; x_wconf 81' lang='lat' dir='ltr'>ordinem</span> <span class='ocrx_word' id='word_1_19' title='bbox 1259 285 1501 330; x_wconf 89' lang='lat' dir='ltr'><strong>conspicuum</strong></span> <span class='ocrx_word' id='word_1_20' title='bbox 1529 295 1605 317; x_wconf 85' lang='lat' dir='ltr'><strong>ser-</strong></span> 
     </span>
     <span class='ocr_line' id='line_1_4' title="bbox 72 343 1606 394; baseline -0.007 -10"><span class='ocrx_word' id='word_1_21' title='bbox 72 352 217 384; x_wconf 85' lang='lat' dir='ltr'><strong>vantes.</strong></span> <span class='ocrx_word' id='word_1_22' title='bbox 253 347 498 394; x_wconf 84' lang='lat' dir='ltr'><strong>Cystocarpia</strong></span> <span class='ocrx_word' id='word_1_23' title='bbox 522 358 627 381; x_wconf 86' lang='lat' dir='ltr'><strong>areas</strong></span> <span class='ocrx_word' id='word_1_24' title='bbox 646 356 793 390; x_wconf 89' lang='lat' dir='ltr'><strong>quoque</strong></span> <span class='ocrx_word' id='word_1_25' title='bbox 811 346 1008 388; x_wconf 84' lang='lat' dir='ltr'><strong>occupant,</strong></span> <span class='ocrx_word' id='word_1_26' title='bbox 1028 343 1166 388; x_wconf 84' lang='lat' dir='ltr'><strong>saepius</strong></span> <span class='ocrx_word' id='word_1_27' title='bbox 1181 343 1292 387; x_wconf 73' lang='lat' dir='ltr'><strong>juxta</strong></span> <span class='ocrx_word' id='word_1_28' title='bbox 1309 353 1481 384; x_wconf 86' lang='lat' dir='ltr'><strong>nervum,</strong></span> <span class='ocrx_word' id='word_1_29' title='bbox 1507 352 1606 374; x_wconf 87' lang='lat' dir='ltr'><strong>nunc</strong></span> 
     </span>
     <span class='ocr_line' id='line_1_5' title="bbox 73 398 1608 447; baseline -0.006 -5"><span class='ocrx_word' id='word_1_30' title='bbox 73 407 112 441; x_wconf 89' lang='lat' dir='ltr'><strong>in</strong></span> <span class='ocrx_word' id='word_1_31' title='bbox 140 407 298 441; x_wconf 87' lang='lat' dir='ltr'><strong>ramello</strong></span> <span class='ocrx_word' id='word_1_32' title='bbox 323 405 444 447; x_wconf 86' lang='lat' dir='ltr'><strong>nervi,</strong></span> <span class='ocrx_word' id='word_1_33' title='bbox 471 407 513 438; x_wconf 91' lang='lat' dir='ltr'><strong>ut</strong></span> <span class='ocrx_word' id='word_1_34' title='bbox 538 404 705 446; x_wconf 88' lang='lat' dir='ltr'><strong>videtur,</strong></span> <span class='ocrx_word' id='word_1_35' title='bbox 731 401 1008 447; x_wconf 80' lang='lat' dir='ltr'><strong>provenientia.</strong></span> <span class='ocrx_word' id='word_1_36' title='bbox 1059 400 1177 436; x_wconf 86' lang='lat' dir='ltr'><strong>Senili</strong></span> <span class='ocrx_word' id='word_1_37' title='bbox 1214 403 1329 435; x_wconf 87' lang='lat' dir='ltr'><strong>aetate</strong></span> <span class='ocrx_word' id='word_1_38' title='bbox 1354 398 1608 445; x_wconf 83' lang='lat' dir='ltr'><strong>parenchyma</strong></span> 
     </span>
     <span class='ocr_line' id='line_1_6' title="bbox 73 457 1313 507; baseline -0.005 -9"><span class='ocrx_word' id='word_1_39' title='bbox 73 475 171 498; x_wconf 86' lang='lat' dir='ltr'><strong>areae</strong></span> <span class='ocrx_word' id='word_1_40' title='bbox 198 462 382 507; x_wconf 85' lang='lat' dir='ltr'><strong>disrumpi</strong></span> <span class='ocrx_word' id='word_1_41' title='bbox 408 462 579 506; x_wconf 85' lang='lat' dir='ltr'><strong>adparet,</strong></span> <span class='ocrx_word' id='word_1_42' title='bbox 607 460 733 495; x_wconf 86' lang='lat' dir='ltr'><strong>nervis</strong></span> <span class='ocrx_word' id='word_1_43' title='bbox 760 459 976 494; x_wconf 76' lang='lat' dir='ltr'><strong>reticulatis</strong></span> <span class='ocrx_word' id='word_1_44' title='bbox 1003 457 1313 504; x_wconf 75' lang='lat' dir='ltr'><strong>persistentibus.</strong></span> 
     </span>
    </p>
   </div>
   <div class='ocr_carea' id='block_1_3' title="bbox 74 579 553 634">
    <p class='ocr_par' dir='ltr' id='par_1_3' title="bbox 74 579 553 634">
     <span class='ocr_line' id='line_1_7' title="bbox 74 579 553 634; baseline -0.006 -13"><span class='ocrx_word' id='word_1_45' title='bbox 74 594 172 634; x_wconf 84' lang='lat' dir='ltr'><strong>pag.</strong></span> <span class='ocrx_word' id='word_1_46' title='bbox 205 581 284 620; x_wconf 81' lang='lat'><strong>469</strong></span> <span class='ocrx_word' id='word_1_47' title='bbox 316 579 553 620; x_wconf 85' lang='lat' dir='ltr'><strong>inseratur:</strong></span> 
     </span>
    </p>
   </div>
   <div class='ocr_carea' id='block_1_4' title="bbox 74 688 1612 1431">
    <p class='ocr_par' dir='ltr' id='par_1_4' title="bbox 74 688 1612 1431">
     <span class='ocr_line' id='line_1_8' title="bbox 74 688 1610 745; baseline -0.004 -11"><span class='ocrx_word' id='word_1_48' title='bbox 74 692 372 734; x_wconf 80' lang='lat' dir='ltr'><strong>NITOPHYLLUM</strong></span> <span class='ocrx_word' id='word_1_49' title='bbox 406 705 639 732; x_wconf 63' lang='lat' dir='ltr'><strong>momorum</strong></span> <span class='ocrx_word' id='word_1_50' title='bbox 669 690 735 745; x_wconf 84' lang='lat' dir='ltr'><strong>(J.</strong></span> <span class='ocrx_word' id='word_1_51' title='bbox 769 690 850 743; x_wconf 72' lang='lat' dir='ltr'><strong>Ay.</strong></span> <span class='ocrx_word' id='word_1_52' title='bbox 882 691 1029 745; x_wconf 74' lang='lat' dir='ltr'><strong>mser.)</strong></span> <span class='ocrx_word' id='word_1_53' title='bbox 1074 688 1224 731; x_wconf 87' lang='lat' dir='ltr'><strong>fronde</strong></span> <span class='ocrx_word' id='word_1_54' title='bbox 1270 688 1479 742; x_wconf 87' lang='lat' dir='ltr'><strong>stipitata,</strong></span> <span class='ocrx_word' id='word_1_55' title='bbox 1512 701 1610 729; x_wconf 83' lang='lat' dir='ltr'><strong>mox</strong></span> 
     </span>
     <span class='ocr_line' id='line_1_9' title="bbox 186 755 1610 811; baseline -0.005 -9"><span class='ocrx_word' id='word_1_56' title='bbox 186 762 274 802; x_wconf 84' lang='lat' dir='ltr'><strong>fere</strong></span> <span class='ocrx_word' id='word_1_57' title='bbox 306 764 397 801; x_wconf 89' lang='lat' dir='ltr'><strong>tota</strong></span> <span class='ocrx_word' id='word_1_58' title='bbox 429 774 618 801; x_wconf 87' lang='lat' dir='ltr'><strong>nervosa.</strong></span> <span class='ocrx_word' id='word_1_59' title='bbox 653 758 904 800; x_wconf 82' lang='lat' dir='ltr'><strong>flabellatim</strong></span> <span class='ocrx_word' id='word_1_60' title='bbox 947 772 1137 811; x_wconf 78' lang='lat' dir='ltr'><strong>expansa</strong></span> <span class='ocrx_word' id='word_1_61' title='bbox 1175 755 1610 798; x_wconf 81' lang='lat' dir='ltr'><strong>dichotomo—decom-</strong></span> 
     </span>
     <span class='ocr_line' id='line_1_10' title="bbox 187 823 1612 882; baseline -0.005 -12"><span class='ocrx_word' id='word_1_62' title='bbox 187 829 338 882; x_wconf 89' lang='lat' dir='ltr'><strong>posita,</strong></span> <span class='ocrx_word' id='word_1_63' title='bbox 372 827 602 881; x_wconf 81' lang='lat' dir='ltr'><strong>segmentis</strong></span> <span class='ocrx_word' id='word_1_64' title='bbox 634 827 882 877; x_wconf 80' lang='lat' dir='ltr'><strong>linearibus,</strong></span> <span class='ocrx_word' id='word_1_65' title='bbox 925 825 1202 867; x_wconf 82' lang='lat' dir='ltr'><strong>inferioribus</strong></span> <span class='ocrx_word' id='word_1_66' title='bbox 1240 839 1351 878; x_wconf 73' lang='lat' dir='ltr'><strong>saepe</strong></span> <span class='ocrx_word' id='word_1_67' title='bbox 1390 823 1612 877; x_wconf 86' lang='lat' dir='ltr'><strong>palmatim</strong></span> 
     </span>
     <span class='ocr_line' id='line_1_11' title="bbox 185 891 1608 950; baseline -0.004 -12"><span class='ocrx_word' id='word_1_68' title='bbox 185 896 494 950; x_wconf 86' lang='lat' dir='ltr'><strong>adproximatis</strong></span> <span class='ocrx_word' id='word_1_69' title='bbox 548 895 774 936; x_wconf 89' lang='lat' dir='ltr'><strong>latioribus</strong></span> <span class='ocrx_word' id='word_1_70' title='bbox 828 894 1053 935; x_wconf 80' lang='lat' dir='ltr'><strong>laevissime</strong></span> <span class='ocrx_word' id='word_1_71' title='bbox 1106 892 1389 939; x_wconf 82' lang='lat' dir='ltr'><strong>subcuneatis,</strong></span> <span class='ocrx_word' id='word_1_72' title='bbox 1444 891 1608 945; x_wconf 86' lang='lat' dir='ltr'><strong>superi-</strong></span> 
     </span>
     <span class='ocr_line' id='line_1_12' title="bbox 184 958 1608 1017; baseline -0.004 -11"><span class='ocrx_word' id='word_1_73' title='bbox 184 965 330 1006; x_wconf 89' lang='lat' dir='ltr'><strong>oribus</strong></span> <span class='ocrx_word' id='word_1_74' title='bbox 361 964 593 1005; x_wconf 84' lang='lat' dir='ltr'><strong>admodum</strong></span> <span class='ocrx_word' id='word_1_75' title='bbox 626 962 892 1017; x_wconf 81' lang='lat' dir='ltr'><strong>prolongatis</strong></span> <span class='ocrx_word' id='word_1_76' title='bbox 924 965 1105 1015; x_wconf 85' lang='lat' dir='ltr'><strong>anguste</strong></span> <span class='ocrx_word' id='word_1_77' title='bbox 1137 961 1388 1008; x_wconf 79' lang='lat' dir='ltr'><strong>linearibus,</strong></span> <span class='ocrx_word' id='word_1_78' title='bbox 1412 958 1608 1014; x_wconf 88' lang='lat' dir='ltr'><strong>plurimis</strong></span> 
     </span>
     <span class='ocr_line' id='line_1_13' title="bbox 185 1028 1610 1086; baseline -0.004 -11"><span class='ocrx_word' id='word_1_79' title='bbox 185 1047 305 1075; x_wconf 89' lang='lat' dir='ltr'><strong>secus</strong></span> <span class='ocrx_word' id='word_1_80' title='bbox 351 1033 567 1086; x_wconf 82' lang='lat' dir='ltr'><strong>margines</strong></span> <span class='ocrx_word' id='word_1_81' title='bbox 613 1032 744 1074; x_wconf 89' lang='lat' dir='ltr'><strong>dense</strong></span> <span class='ocrx_word' id='word_1_82' title='bbox 789 1031 1030 1083; x_wconf 85' lang='lat' dir='ltr'><strong>fimbriatis,</strong></span> <span class='ocrx_word' id='word_1_83' title='bbox 1078 1031 1217 1072; x_wconf 87' lang='lat' dir='ltr'><strong>nervis</strong></span> <span class='ocrx_word' id='word_1_84' title='bbox 1264 1028 1516 1083; x_wconf 87' lang='lat' dir='ltr'><strong>prominulis</strong></span> <span class='ocrx_word' id='word_1_85' title='bbox 1555 1028 1610 1069; x_wconf 90' lang='lat' dir='ltr'><strong>ad</strong></span> 
     </span>
     <span class='ocr_line' id='line_1_14' title="bbox 188 1098 1610 1156; baseline -0.004 -12"><span class='ocrx_word' id='word_1_86' title='bbox 188 1103 330 1156; x_wconf 77' lang='lat' dir='ltr'><strong>apices</strong></span> <span class='ocrx_word' id='word_1_87' title='bbox 361 1102 616 1143; x_wconf 84' lang='lat' dir='ltr'><strong>laciniarum</strong></span> <span class='ocrx_word' id='word_1_88' title='bbox 649 1100 990 1150; x_wconf 79' lang='lat' dir='ltr'><strong>excurrentibus,</strong></span> <span class='ocrx_word' id='word_1_89' title='bbox 1023 1100 1132 1142; x_wconf 82' lang='lat' dir='ltr'><strong>soris</strong></span> <span class='ocrx_word' id='word_1_90' title='bbox 1163 1100 1206 1140; x_wconf 88' lang='lat' dir='ltr'><strong>in</strong></span> <span class='ocrx_word' id='word_1_91' title='bbox 1228 1098 1465 1152; x_wconf 88' lang='lat' dir='ltr'><strong>penultima</strong></span> <span class='ocrx_word' id='word_1_92' title='bbox 1486 1101 1610 1151; x_wconf 87' lang='lat' dir='ltr'><strong>parte</strong></span> 
     </span>
     <span class='ocr_line' id='line_1_15' title="bbox 184 1167 1611 1226; baseline -0.004 -13"><span class='ocrx_word' id='word_1_93' title='bbox 184 1175 502 1226; x_wconf 82' lang='lat' dir='ltr'><strong>segmentorum</strong></span> <span class='ocrx_word' id='word_1_94' title='bbox 531 1171 667 1212; x_wconf 84' lang='lat' dir='ltr'><strong>lineas</strong></span> <span class='ocrx_word' id='word_1_95' title='bbox 695 1169 1109 1223; x_wconf 67' lang='lat' dir='ltr'><strong>nitra-marginales,</strong></span> <span class='ocrx_word' id='word_1_96' title='bbox 1133 1170 1176 1210; x_wconf 90' lang='lat' dir='ltr'><strong>in</strong></span> <span class='ocrx_word' id='word_1_97' title='bbox 1196 1168 1398 1210; x_wconf 86' lang='lat' dir='ltr'><strong>inferiore</strong></span> <span class='ocrx_word' id='word_1_98' title='bbox 1419 1167 1611 1209; x_wconf 85' lang='lat' dir='ltr'><strong>fimbrias</strong></span> 
     </span>
     <span class='ocr_line' id='line_1_16' title="bbox 186 1235 1611 1291; baseline -0.004 -10"><span class='ocrx_word' id='word_1_99' title='bbox 186 1240 391 1281; x_wconf 84' lang='lat' dir='ltr'><strong>obovatas</strong></span> <span class='ocrx_word' id='word_1_100' title='bbox 444 1239 630 1281; x_wconf 86' lang='lat' dir='ltr'><strong>minutas</strong></span> <span class='ocrx_word' id='word_1_101' title='bbox 685 1238 1010 1291; x_wconf 76' lang='lat' dir='ltr'><strong>occupantibus,</strong></span> <span class='ocrx_word' id='word_1_102' title='bbox 1058 1237 1256 1279; x_wconf 78' lang='lat' dir='ltr'><strong>coccidiis</strong></span> <span class='ocrx_word' id='word_1_103' title='bbox 1302 1236 1345 1277; x_wconf 93' lang='lat' dir='ltr'><strong>in</strong></span> <span class='ocrx_word' id='word_1_104' title='bbox 1391 1235 1611 1289; x_wconf 88' lang='lat' dir='ltr'><strong>superiore</strong></span> 
     </span>
     <span class='ocr_line' id='line_1_17' title="bbox 186 1303 1607 1361; baseline -0.004 -12"><span class='ocrx_word' id='word_1_105' title='bbox 186 1312 308 1361; x_wconf 86' lang='lat' dir='ltr'><strong>parte</strong></span> <span class='ocrx_word' id='word_1_106' title='bbox 341 1306 750 1360; x_wconf 85' lang='lat' dir='ltr'><strong>submarginalibus.</strong></span> <span class='ocrx_word' id='word_1_107' title='bbox 789 1306 960 1359; x_wconf 74' lang='lat' dir='ltr'><strong>Ne&#39;toph.</strong></span> <span class='ocrx_word' id='word_1_108' title='bbox 993 1306 1223 1348; x_wconf 77' lang='lat' dir='ltr'><strong>laceratum</strong></span> <span class='ocrx_word' id='word_1_109' title='bbox 1246 1304 1418 1346; x_wconf 61' lang='lat' dir='ltr'><strong>Haru?</strong></span> <span class='ocrx_word' id='word_1_110' title='bbox 1449 1303 1607 1357; x_wconf 90' lang='lat' dir='ltr'><strong>(quoad</strong></span> 
     </span>
     <span class='ocr_line' id='line_1_18' title="bbox 186 1374 572 1431; baseline -0.003 -14"><span class='ocrx_word' id='word_1_111' title='bbox 186 1390 247 1429; x_wconf 85' lang='lat' dir='ltr'><strong>sp.</strong></span> <span class='ocrx_word' id='word_1_112' title='bbox 280 1374 572 1431; x_wconf 86' lang='lat' dir='ltr'><strong>Californica).</strong></span> 
     </span>
    </p>
   </div>
   <div class='ocr_carea' id='block_1_5' title="bbox 243 1453 1347 1508">
    <p class='ocr_par' dir='ltr' id='par_1_5' title="bbox 243 1453 1347 1508">
     <span class='ocr_line' id='line_1_19' title="bbox 243 1453 1347 1508; baseline -0.001 -12"><span class='ocrx_word' id='word_1_113' title='bbox 243 1454 351 1497; x_wconf 90' lang='lat' dir='ltr'><strong>Hab.</strong></span> <span class='ocrx_word' id='word_1_114' title='bbox 385 1455 438 1496; x_wconf 82' lang='lat' dir='ltr'><strong>ad</strong></span> <span class='ocrx_word' id='word_1_115' title='bbox 472 1455 775 1497; x_wconf 83' lang='lat' dir='ltr'><strong>Golden-Gate</strong></span> <span class='ocrx_word' id='word_1_116' title='bbox 808 1453 1075 1496; x_wconf 84' lang='lat' dir='ltr'><strong>Californiae:</strong></span> <span class='ocrx_word' id='word_1_117' title='bbox 1108 1453 1347 1508; x_wconf 85' lang='lat' dir='ltr'><strong>Berggren!</strong></span> 
     </span>
    </p>
   </div>
   <div class='ocr_carea' id='block_1_6' title="bbox 73 1546 1619 2900">
    <p class='ocr_par' dir='ltr' id='par_1_6' title="bbox 73 1546 1619 2900">
     <span class='ocr_line' id='line_1_20' title="bbox 163 1546 1612 1592; baseline 0 -12"><span class='ocrx_word' id='word_1_118' title='bbox 163 1547 221 1581; x_wconf 90' lang='lat' dir='ltr'><strong>Ad</strong></span> <span class='ocrx_word' id='word_1_119' title='bbox 247 1550 377 1592; x_wconf 87' lang='lat' dir='ltr'><strong>typum</strong></span> <span class='ocrx_word' id='word_1_120' title='bbox 403 1547 448 1581; x_wconf 90' lang='lat' dir='ltr'><strong>N.</strong></span> <span class='ocrx_word' id='word_1_121' title='bbox 474 1548 629 1582; x_wconf 84' lang='lat' dir='ltr'><strong>lacerati</strong></span> <span class='ocrx_word' id='word_1_122' title='bbox 667 1547 838 1590; x_wconf 85' lang='lat' dir='ltr'><strong>formata,</strong></span> <span class='ocrx_word' id='word_1_123' title='bbox 880 1550 919 1582; x_wconf 89' lang='lat' dir='ltr'><strong>et</strong></span> <span class='ocrx_word' id='word_1_124' title='bbox 951 1547 1233 1581; x_wconf 81' lang='lat' dir='ltr'><strong>characteribus</strong></span> <span class='ocrx_word' id='word_1_125' title='bbox 1266 1546 1440 1592; x_wconf 88' lang='lat' dir='ltr'><strong>plurimis</strong></span> <span class='ocrx_word' id='word_1_126' title='bbox 1479 1558 1612 1581; x_wconf 87' lang='lat' dir='ltr'><strong>conve-</strong></span> 
     </span>
     <span class='ocr_line' id='line_1_21' title="bbox 74 1604 1613 1649; baseline -0.001 -11"><span class='ocrx_word' id='word_1_127' title='bbox 74 1605 199 1648; x_wconf 84' lang='lat' dir='ltr'><strong>niens,</strong></span> <span class='ocrx_word' id='word_1_128' title='bbox 227 1605 293 1639; x_wconf 90' lang='lat' dir='ltr'><strong>sed</strong></span> <span class='ocrx_word' id='word_1_129' title='bbox 321 1605 401 1638; x_wconf 90' lang='lat' dir='ltr'><strong>sine</strong></span> <span class='ocrx_word' id='word_1_130' title='bbox 429 1604 542 1639; x_wconf 90' lang='lat' dir='ltr'><strong>dubio</strong></span> <span class='ocrx_word' id='word_1_131' title='bbox 579 1605 724 1649; x_wconf 85' lang='lat' dir='ltr'><strong>species</strong></span> <span class='ocrx_word' id='word_1_132' title='bbox 764 1605 915 1639; x_wconf 91' lang='lat' dir='ltr'><strong>omnino</strong></span> <span class='ocrx_word' id='word_1_133' title='bbox 953 1604 1148 1638; x_wconf 87' lang='lat' dir='ltr'><strong>distincta.</strong></span> <span class='ocrx_word' id='word_1_134' title='bbox 1198 1604 1411 1638; x_wconf 82' lang='lat' dir='ltr'><strong>Madefacta</strong></span> <span class='ocrx_word' id='word_1_135' title='bbox 1449 1604 1613 1638; x_wconf 89' lang='lat' dir='ltr'><strong>colorem</strong></span> 
     </span>
     <span class='ocr_line' id='line_1_22' title="bbox 74 1660 1613 1707; baseline -0.001 -11"><span class='ocrx_word' id='word_1_136' title='bbox 74 1662 281 1697; x_wconf 85' lang='lat' dir='ltr'><strong>violaceum</strong></span> <span class='ocrx_word' id='word_1_137' title='bbox 307 1665 509 1704; x_wconf 85' lang='lat' dir='ltr'><strong>monstrat,</strong></span> <span class='ocrx_word' id='word_1_138' title='bbox 536 1662 599 1706; x_wconf 93' lang='lat' dir='ltr'><strong>qui</strong></span> <span class='ocrx_word' id='word_1_139' title='bbox 628 1662 868 1707; x_wconf 85' lang='lat' dir='ltr'><strong>expositione</strong></span> <span class='ocrx_word' id='word_1_140' title='bbox 893 1661 932 1696; x_wconf 89' lang='lat' dir='ltr'><strong>in</strong></span> <span class='ocrx_word' id='word_1_141' title='bbox 960 1661 1122 1696; x_wconf 87' lang='lat' dir='ltr'><strong>lividum</strong></span> <span class='ocrx_word' id='word_1_142' title='bbox 1148 1661 1295 1695; x_wconf 81' lang='lat' dir='ltr'><strong>facilius</strong></span> <span class='ocrx_word' id='word_1_143' title='bbox 1324 1661 1466 1701; x_wconf 81' lang='lat' dir='ltr'><strong>tendit;</strong></span> <span class='ocrx_word' id='word_1_144' title='bbox 1495 1660 1613 1695; x_wconf 84' lang='lat' dir='ltr'><strong>exsic-</strong></span> 
     </span>
     <span class='ocr_line' id='line_1_23' title="bbox 73 1717 1614 1764; baseline -0.001 -11"><span class='ocrx_word' id='word_1_145' title='bbox 73 1722 157 1753; x_wconf 84' lang='lat' dir='ltr'><strong>cata</strong></span> <span class='ocrx_word' id='word_1_146' title='bbox 181 1719 301 1764; x_wconf 87' lang='lat' dir='ltr'><strong>magis</strong></span> <span class='ocrx_word' id='word_1_147' title='bbox 329 1719 768 1764; x_wconf 86' lang='lat' dir='ltr'><strong>purpureo-fuscescens.</strong></span> <span class='ocrx_word' id='word_1_148' title='bbox 804 1719 1042 1763; x_wconf 85' lang='lat' dir='ltr'><strong>(Hymenena</strong></span> <span class='ocrx_word' id='word_1_149' title='bbox 1068 1717 1258 1753; x_wconf 88' lang='lat' dir='ltr'><strong>fimbriata</strong></span> <span class='ocrx_word' id='word_1_150' title='bbox 1283 1719 1399 1763; x_wconf 87' lang='lat' dir='ltr'><strong>Rupr.</strong></span> <span class='ocrx_word' id='word_1_151' title='bbox 1427 1721 1465 1752; x_wconf 89' lang='lat' dir='ltr'><strong>et</strong></span> <span class='ocrx_word' id='word_1_152' title='bbox 1490 1718 1534 1752; x_wconf 78' lang='lat' dir='ltr'><strong>N.</strong></span> <span class='ocrx_word' id='word_1_153' title='bbox 1563 1719 1614 1751; x_wconf 86' lang='lat' dir='ltr'><strong>la-</strong></span> 
     </span>
     <span class='ocr_line' id='line_1_24' title="bbox 74 1775 1613 1820; baseline -0.001 -11"><span class='ocrx_word' id='word_1_154' title='bbox 74 1779 242 1811; x_wconf 88' lang='lat' dir='ltr'><strong>ceratum</strong></span> <span class='ocrx_word' id='word_1_155' title='bbox 281 1777 406 1811; x_wconf 89' lang='lat' dir='ltr'><strong>colore</strong></span> <span class='ocrx_word' id='word_1_156' title='bbox 444 1776 620 1811; x_wconf 88' lang='lat' dir='ltr'><strong>coccineo</strong></span> <span class='ocrx_word' id='word_1_157' title='bbox 660 1780 749 1810; x_wconf 92' lang='lat' dir='ltr'><strong>sunt</strong></span> <span class='ocrx_word' id='word_1_158' title='bbox 786 1776 948 1817; x_wconf 81' lang='lat' dir='ltr'><strong>induta).</strong></span> <span class='ocrx_word' id='word_1_159' title='bbox 1001 1776 1121 1810; x_wconf 87' lang='lat' dir='ltr'><strong>Frons</strong></span> <span class='ocrx_word' id='word_1_160' title='bbox 1149 1775 1294 1820; x_wconf 86' lang='lat' dir='ltr'><strong>pedalis</strong></span> <span class='ocrx_word' id='word_1_161' title='bbox 1322 1778 1361 1809; x_wconf 87' lang='lat' dir='ltr'><strong>et</strong></span> <span class='ocrx_word' id='word_1_162' title='bbox 1386 1775 1502 1818; x_wconf 81' lang='lat' dir='ltr'><strong>ultra3</strong></span> <span class='ocrx_word' id='word_1_163' title='bbox 1530 1786 1613 1820; x_wconf 84' lang='lat' dir='ltr'><strong>seg-</strong></span> 
     </span>
     <span class='ocr_line' id='line_1_25' title="bbox 74 1831 1614 1878; baseline -0.001 -12"><span class='ocrx_word' id='word_1_164' title='bbox 74 1836 202 1867; x_wconf 91' lang='lat' dir='ltr'><strong>menta</strong></span> <span class='ocrx_word' id='word_1_165' title='bbox 226 1833 411 1868; x_wconf 85' lang='lat' dir='ltr'><strong>interiora</strong></span> <span class='ocrx_word' id='word_1_166' title='bbox 437 1834 574 1878; x_wconf 83' lang='lat' dir='ltr'><strong>saepius</strong></span> <span class='ocrx_word' id='word_1_167' title='bbox 603 1833 875 1877; x_wconf 84' lang='lat' dir='ltr'><strong>semipollicem</strong></span> <span class='ocrx_word' id='word_1_168' title='bbox 902 1844 1032 1877; x_wconf 87' lang='lat' dir='ltr'><strong>parum</strong></span> <span class='ocrx_word' id='word_1_169' title='bbox 1054 1835 1286 1877; x_wconf 82' lang='lat' dir='ltr'><strong>exsuperant</strong></span> <span class='ocrx_word' id='word_1_170' title='bbox 1304 1831 1522 1875; x_wconf 86' lang='lat' dir='ltr'><strong>latitudine,</strong></span> <span class='ocrx_word' id='word_1_171' title='bbox 1542 1831 1614 1865; x_wconf 85' lang='lat' dir='ltr'><strong>nisi</strong></span> 
     </span>
     <span class='ocr_line' id='line_1_26' title="bbox 74 1889 1614 1934; baseline 0 -11"><span class='ocrx_word' id='word_1_172' title='bbox 74 1889 173 1924; x_wconf 86' lang='lat' dir='ltr'><strong>infra</strong></span> <span class='ocrx_word' id='word_1_173' title='bbox 198 1890 353 1924; x_wconf 84' lang='lat' dir='ltr'><strong>lacinias</strong></span> <span class='ocrx_word' id='word_1_174' title='bbox 376 1890 570 1934; x_wconf 86' lang='lat' dir='ltr'><strong>palmatim</strong></span> <span class='ocrx_word' id='word_1_175' title='bbox 596 1890 807 1934; x_wconf 77' lang='lat' dir='ltr'><strong>conjuctas3</strong></span> <span class='ocrx_word' id='word_1_176' title='bbox 835 1889 1031 1934; x_wconf 84' lang='lat' dir='ltr'><strong>superiora</strong></span> <span class='ocrx_word' id='word_1_177' title='bbox 1057 1889 1278 1933; x_wconf 85' lang='lat' dir='ltr'><strong>plerumque</strong></span> <span class='ocrx_word' id='word_1_178' title='bbox 1306 1889 1505 1923; x_wconf 86' lang='lat' dir='ltr'><strong>admodum</strong></span> <span class='ocrx_word' id='word_1_179' title='bbox 1530 1901 1614 1933; x_wconf 89' lang='lat' dir='ltr'><strong>pro-</strong></span> 
     </span>
     <span class='ocr_line' id='line_1_27' title="bbox 75 1945 1616 1992; baseline -0.001 -12"><span class='ocrx_word' id='word_1_180' title='bbox 75 1947 241 1992; x_wconf 84' lang='lat' dir='ltr'><strong>longata,</strong></span> <span class='ocrx_word' id='word_1_181' title='bbox 269 1948 357 1980; x_wconf 79' lang='lat'><strong>2-3</strong></span> <span class='ocrx_word' id='word_1_182' title='bbox 382 1947 501 1981; x_wconf 84' lang='lat' dir='ltr'><strong>lineas</strong></span> <span class='ocrx_word' id='word_1_183' title='bbox 528 1947 750 1991; x_wconf 86' lang='lat' dir='ltr'><strong>plerumque</strong></span> <span class='ocrx_word' id='word_1_184' title='bbox 776 1947 865 1980; x_wconf 89' lang='lat' dir='ltr'><strong>lata.</strong></span> <span class='ocrx_word' id='word_1_185' title='bbox 917 1946 1029 1980; x_wconf 84' lang='lat' dir='ltr'><strong>Secus</strong></span> <span class='ocrx_word' id='word_1_186' title='bbox 1057 1947 1248 1991; x_wconf 83' lang='lat' dir='ltr'><strong>margines</strong></span> <span class='ocrx_word' id='word_1_187' title='bbox 1276 1945 1414 1990; x_wconf 85' lang='lat' dir='ltr'><strong>saepius</strong></span> <span class='ocrx_word' id='word_1_188' title='bbox 1452 1945 1616 1990; x_wconf 86' lang='lat' dir='ltr'><strong>plurima</strong></span> 
     </span>
     <span class='ocr_line' id='line_1_28' title="bbox 75 2002 1615 2048; baseline -0.001 -10"><span class='ocrx_word' id='word_1_189' title='bbox 75 2004 214 2038; x_wconf 82' lang='lat' dir='ltr'><strong>adsunt</strong></span> <span class='ocrx_word' id='word_1_190' title='bbox 239 2004 366 2038; x_wconf 88' lang='lat' dir='ltr'><strong>foliola</strong></span> <span class='ocrx_word' id='word_1_191' title='bbox 390 2004 656 2038; x_wconf 87' lang='lat' dir='ltr'><strong>minutissima.</strong></span> <span class='ocrx_word' id='word_1_192' title='bbox 684 2015 798 2048; x_wconf 84' lang='lat' dir='ltr'><strong>supra</strong></span> <span class='ocrx_word' id='word_1_193' title='bbox 824 2004 994 2048; x_wconf 85' lang='lat' dir='ltr'><strong>stipitem</strong></span> <span class='ocrx_word' id='word_1_194' title='bbox 1019 2004 1174 2038; x_wconf 87' lang='lat' dir='ltr'><strong>brevem</strong></span> <span class='ocrx_word' id='word_1_195' title='bbox 1192 2004 1269 2037; x_wconf 86' lang='lat' dir='ltr'><strong>fere</strong></span> <span class='ocrx_word' id='word_1_196' title='bbox 1297 2005 1471 2045; x_wconf 85' lang='lat' dir='ltr'><strong>obovata,</strong></span> <span class='ocrx_word' id='word_1_197' title='bbox 1491 2002 1615 2036; x_wconf 85' lang='lat' dir='ltr'><strong>rarius</strong></span> 
     </span>
     <span class='ocr_line' id='line_1_29' title="bbox 76 2059 1614 2106; baseline -0.001 -12"><span class='ocrx_word' id='word_1_198' title='bbox 76 2060 209 2103; x_wconf 86' lang='lat' dir='ltr'><strong>divisa,</strong></span> <span class='ocrx_word' id='word_1_199' title='bbox 236 2060 299 2094; x_wconf 89' lang='lat' dir='ltr'><strong>vix</strong></span> <span class='ocrx_word' id='word_1_200' title='bbox 326 2061 463 2094; x_wconf 88' lang='lat' dir='ltr'><strong>lineam</strong></span> <span class='ocrx_word' id='word_1_201' title='bbox 490 2061 619 2106; x_wconf 80' lang='lat' dir='ltr'><strong>longa3</strong></span> <span class='ocrx_word' id='word_1_202' title='bbox 646 2071 728 2103; x_wconf 88' lang='lat' dir='ltr'><strong>quae</strong></span> <span class='ocrx_word' id='word_1_203' title='bbox 755 2060 904 2094; x_wconf 88' lang='lat' dir='ltr'><strong>demum</strong></span> <span class='ocrx_word' id='word_1_204' title='bbox 923 2060 963 2094; x_wconf 87' lang='lat' dir='ltr'><strong>in</strong></span> <span class='ocrx_word' id='word_1_205' title='bbox 981 2059 1085 2094; x_wconf 85' lang='lat' dir='ltr'><strong>disco</strong></span> <span class='ocrx_word' id='word_1_206' title='bbox 1105 2072 1229 2094; x_wconf 86' lang='lat' dir='ltr'><strong>sorum</strong></span> <span class='ocrx_word' id='word_1_207' title='bbox 1248 2060 1493 2094; x_wconf 86' lang='lat' dir='ltr'><strong>rotundatum</strong></span> <span class='ocrx_word' id='word_1_208' title='bbox 1515 2059 1614 2093; x_wconf 91' lang='lat' dir='ltr'><strong>evol-</strong></span> 
     </span>
     <span class='ocr_line' id='line_1_30' title="bbox 76 2115 1617 2162; baseline -0.001 -11"><span class='ocrx_word' id='word_1_209' title='bbox 76 2120 187 2159; x_wconf 87' lang='lat' dir='ltr'><strong>vunt;</strong></span> <span class='ocrx_word' id='word_1_210' title='bbox 213 2117 251 2151; x_wconf 92' lang='lat' dir='ltr'><strong>in</strong></span> <span class='ocrx_word' id='word_1_211' title='bbox 277 2117 425 2151; x_wconf 87' lang='lat' dir='ltr'><strong>laciniis</strong></span> <span class='ocrx_word' id='word_1_212' title='bbox 454 2117 639 2162; x_wconf 84' lang='lat' dir='ltr'><strong>supremis</strong></span> <span class='ocrx_word' id='word_1_213' title='bbox 668 2117 855 2162; x_wconf 79' lang='lat' dir='ltr'><strong>elongatis</strong></span> <span class='ocrx_word' id='word_1_214' title='bbox 889 2117 1078 2162; x_wconf 80' lang='lat' dir='ltr'><strong>margines</strong></span> <span class='ocrx_word' id='word_1_215' title='bbox 1114 2117 1205 2151; x_wconf 90' lang='lat' dir='ltr'><strong>nudi</strong></span> <span class='ocrx_word' id='word_1_216' title='bbox 1238 2128 1337 2151; x_wconf 89' lang='lat' dir='ltr'><strong>nunc</strong></span> <span class='ocrx_word' id='word_1_217' title='bbox 1372 2115 1617 2151; x_wconf 86' lang='lat' dir='ltr'><strong>subundulati</strong></span> 
     </span>
     <span class='ocr_line' id='line_1_31' title="bbox 75 2172 1615 2220; baseline -0.003 -11"><span class='ocrx_word' id='word_1_218' title='bbox 75 2179 214 2220; x_wconf 87' lang='lat' dir='ltr'><strong>gerunt</strong></span> <span class='ocrx_word' id='word_1_219' title='bbox 241 2187 366 2209; x_wconf 90' lang='lat' dir='ltr'><strong>sorum</strong></span> <span class='ocrx_word' id='word_1_220' title='bbox 405 2175 623 2219; x_wconf 83' lang='lat' dir='ltr'><strong>elongatum</strong></span> <span class='ocrx_word' id='word_1_221' title='bbox 660 2174 840 2208; x_wconf 82' lang='lat' dir='ltr'><strong>linearem</strong></span> <span class='ocrx_word' id='word_1_222' title='bbox 869 2177 925 2208; x_wconf 89' lang='lat' dir='ltr'><strong>sat</strong></span> <span class='ocrx_word' id='word_1_223' title='bbox 951 2186 1132 2216; x_wconf 86' lang='lat' dir='ltr'><strong>crassum,</strong></span> <span class='ocrx_word' id='word_1_224' title='bbox 1160 2174 1200 2207; x_wconf 91' lang='lat' dir='ltr'><strong>in</strong></span> <span class='ocrx_word' id='word_1_225' title='bbox 1226 2177 1388 2217; x_wconf 89' lang='lat' dir='ltr'><strong>utroque</strong></span> <span class='ocrx_word' id='word_1_226' title='bbox 1414 2173 1535 2206; x_wconf 90' lang='lat' dir='ltr'><strong>latere</strong></span> <span class='ocrx_word' id='word_1_227' title='bbox 1560 2172 1615 2205; x_wconf 90' lang='lat' dir='ltr'><strong>in-</strong></span> 
     </span>
     <span class='ocr_line' id='line_1_32' title="bbox 77 2229 1618 2276; baseline -0.002 -10"><span class='ocrx_word' id='word_1_228' title='bbox 77 2232 400 2276; x_wconf 85' lang='lat' dir='ltr'><strong>tramarginalem.</strong></span> <span class='ocrx_word' id='word_1_229' title='bbox 437 2230 609 2265; x_wconf 83' lang='lat' dir='ltr'><strong>Coccidia</strong></span> <span class='ocrx_word' id='word_1_230' title='bbox 634 2231 673 2264; x_wconf 90' lang='lat' dir='ltr'><strong>in</strong></span> <span class='ocrx_word' id='word_1_231' title='bbox 693 2231 889 2275; x_wconf 87' lang='lat' dir='ltr'><strong>superiore</strong></span> <span class='ocrx_word' id='word_1_232' title='bbox 907 2235 1016 2275; x_wconf 84' lang='lat' dir='ltr'><strong>parte</strong></span> <span class='ocrx_word' id='word_1_233' title='bbox 1036 2231 1181 2265; x_wconf 84' lang='lat' dir='ltr'><strong>frondis</strong></span> <span class='ocrx_word' id='word_1_234' title='bbox 1201 2229 1468 2275; x_wconf 86' lang='lat' dir='ltr'><strong>provenientia</strong></span> <span class='ocrx_word' id='word_1_235' title='bbox 1487 2241 1618 2274; x_wconf 87' lang='lat' dir='ltr'><strong>sparsa</strong></span> 
     </span>
     <span class='ocr_line' id='line_1_33' title="bbox 75 2286 1619 2334; baseline -0.002 -11"><span class='ocrx_word' id='word_1_236' title='bbox 75 2288 311 2334; x_wconf 85' lang='lat' dir='ltr'><strong>marginibus</strong></span> <span class='ocrx_word' id='word_1_237' title='bbox 350 2287 624 2333; x_wconf 85' lang='lat' dir='ltr'><strong>adproximata.</strong></span> <span class='ocrx_word' id='word_1_238' title='bbox 675 2287 772 2322; x_wconf 86' lang='lat' dir='ltr'><strong>Tota</strong></span> <span class='ocrx_word' id='word_1_239' title='bbox 807 2288 910 2321; x_wconf 86' lang='lat' dir='ltr'><strong>frons</strong></span> <span class='ocrx_word' id='word_1_240' title='bbox 948 2287 1076 2321; x_wconf 86' lang='lat' dir='ltr'><strong>nervis</strong></span> <span class='ocrx_word' id='word_1_241' title='bbox 1115 2287 1289 2332; x_wconf 80' lang='lat' dir='ltr'><strong>angustis</strong></span> <span class='ocrx_word' id='word_1_242' title='bbox 1328 2286 1553 2321; x_wconf 86' lang='lat' dir='ltr'><strong>dichotomis</strong></span> <span class='ocrx_word' id='word_1_243' title='bbox 1580 2290 1619 2321; x_wconf 91' lang='lat' dir='ltr'><strong>et</strong></span> 
     </span>
     <span class='ocr_line' id='line_1_34' title="bbox 78 2343 1617 2389; baseline -0.002 -9"><span class='ocrx_word' id='word_1_244' title='bbox 78 2345 464 2387; x_wconf 84' lang='lat' dir='ltr'><strong>anastomosantibus,</strong></span> <span class='ocrx_word' id='word_1_245' title='bbox 491 2345 682 2389; x_wconf 76' lang='lat' dir='ltr'><strong>praecipue</strong></span> <span class='ocrx_word' id='word_1_246' title='bbox 709 2344 747 2378; x_wconf 90' lang='lat' dir='ltr'><strong>in</strong></span> <span class='ocrx_word' id='word_1_247' title='bbox 773 2345 905 2389; x_wconf 86' lang='lat' dir='ltr'><strong>planta</strong></span> <span class='ocrx_word' id='word_1_248' title='bbox 931 2345 1147 2379; x_wconf 85' lang='lat' dir='ltr'><strong>decolorata</strong></span> <span class='ocrx_word' id='word_1_249' title='bbox 1173 2344 1373 2378; x_wconf 86' lang='lat' dir='ltr'><strong>admodum</strong></span> <span class='ocrx_word' id='word_1_250' title='bbox 1392 2343 1617 2388; x_wconf 82' lang='lat' dir='ltr'><strong>conspicuis,</strong></span> 
     </span>
     <span class='ocr_line' id='line_1_35' title="bbox 80 2400 1616 2446; baseline -0.003 -8"><span class='ocrx_word' id='word_1_251' title='bbox 80 2402 253 2438; x_wconf 87' lang='lat' dir='ltr'><strong>omnibus</strong></span> <span class='ocrx_word' id='word_1_252' title='bbox 279 2401 358 2435; x_wconf 89' lang='lat' dir='ltr'><strong>fere</strong></span> <span class='ocrx_word' id='word_1_253' title='bbox 384 2401 742 2446; x_wconf 82' lang='lat' dir='ltr'><strong>longitudinalibus,</strong></span> <span class='ocrx_word' id='word_1_254' title='bbox 769 2401 938 2435; x_wconf 86' lang='lat' dir='ltr'><strong>ramellis</strong></span> <span class='ocrx_word' id='word_1_255' title='bbox 966 2401 1081 2434; x_wconf 88' lang='lat' dir='ltr'><strong>nullis</strong></span> <span class='ocrx_word' id='word_1_256' title='bbox 1108 2400 1300 2445; x_wconf 87' lang='lat' dir='ltr'><strong>margines</strong></span> <span class='ocrx_word' id='word_1_257' title='bbox 1328 2412 1458 2434; x_wconf 86' lang='lat' dir='ltr'><strong>versus</strong></span> <span class='ocrx_word' id='word_1_258' title='bbox 1487 2411 1616 2434; x_wconf 86' lang='lat' dir='ltr'><strong>excur-</strong></span> 
     </span>
     <span class='ocr_line' id='line_1_36' title="bbox 76 2456 1616 2502; baseline -0.003 -9"><span class='ocrx_word' id='word_1_259' title='bbox 76 2458 263 2501; x_wconf 88' lang='lat' dir='ltr'><strong>rentibus,</strong></span> <span class='ocrx_word' id='word_1_260' title='bbox 291 2469 485 2501; x_wconf 88' lang='lat' dir='ltr'><strong>supremas</strong></span> <span class='ocrx_word' id='word_1_261' title='bbox 511 2457 668 2492; x_wconf 85' lang='lat' dir='ltr'><strong>lacinias</strong></span> <span class='ocrx_word' id='word_1_262' title='bbox 696 2469 813 2501; x_wconf 86' lang='lat' dir='ltr'><strong>usque</strong></span> <span class='ocrx_word' id='word_1_263' title='bbox 840 2458 885 2491; x_wconf 87' lang='lat' dir='ltr'><strong>ad</strong></span> <span class='ocrx_word' id='word_1_264' title='bbox 916 2456 1059 2502; x_wconf 83' lang='lat' dir='ltr'><strong>apicem</strong></span> <span class='ocrx_word' id='word_1_265' title='bbox 1103 2457 1383 2502; x_wconf 82' lang='lat' dir='ltr'><strong>attingentibus</strong></span> <span class='ocrx_word' id='word_1_266' title='bbox 1419 2467 1616 2501; x_wconf 80' lang='lat' dir='ltr'><strong>percursa,</strong></span> 
     </span>
     <span class='ocr_line' id='line_1_37' title="bbox 77 2512 1617 2558; baseline -0.002 -9"><span class='ocrx_word' id='word_1_267' title='bbox 77 2516 116 2549; x_wconf 90' lang='lat' dir='ltr'><strong>in</strong></span> <span class='ocrx_word' id='word_1_268' title='bbox 141 2515 271 2549; x_wconf 86' lang='lat' dir='ltr'><strong>infima</strong></span> <span class='ocrx_word' id='word_1_269' title='bbox 295 2517 404 2558; x_wconf 85' lang='lat' dir='ltr'><strong>parte</strong></span> <span class='ocrx_word' id='word_1_270' title='bbox 431 2514 572 2558; x_wconf 83' lang='lat' dir='ltr'><strong>plantae</strong></span> <span class='ocrx_word' id='word_1_271' title='bbox 600 2514 707 2547; x_wconf 90' lang='lat' dir='ltr'><strong>nervi</strong></span> <span class='ocrx_word' id='word_1_272' title='bbox 735 2514 773 2548; x_wconf 91' lang='lat' dir='ltr'><strong>in</strong></span> <span class='ocrx_word' id='word_1_273' title='bbox 800 2517 941 2548; x_wconf 86' lang='lat' dir='ltr'><strong>costam</strong></span> <span class='ocrx_word' id='word_1_274' title='bbox 975 2513 1138 2547; x_wconf 85' lang='lat' dir='ltr'><strong>validam</strong></span> <span class='ocrx_word' id='word_1_275' title='bbox 1172 2513 1420 2557; x_wconf 82' lang='lat' dir='ltr'><strong>colliguntur,</strong></span> <span class='ocrx_word' id='word_1_276' title='bbox 1446 2524 1527 2556; x_wconf 85' lang='lat' dir='ltr'><strong>quae</strong></span> <span class='ocrx_word' id='word_1_277' title='bbox 1555 2512 1617 2546; x_wconf 90' lang='lat' dir='ltr'><strong>de-</strong></span> 
     </span>
     <span class='ocr_line' id='line_1_38' title="bbox 77 2569 1616 2615; baseline -0.003 -9"><span class='ocrx_word' id='word_1_278' title='bbox 77 2585 178 2607; x_wconf 89' lang='lat' dir='ltr'><strong>mum</strong></span> <span class='ocrx_word' id='word_1_279' title='bbox 216 2572 481 2606; x_wconf 86' lang='lat' dir='ltr'><strong>subdenudata</strong></span> <span class='ocrx_word' id='word_1_280' title='bbox 519 2571 690 2615; x_wconf 86' lang='lat' dir='ltr'><strong>stipitem</strong></span> <span class='ocrx_word' id='word_1_281' title='bbox 727 2572 868 2615; x_wconf 80' lang='lat' dir='ltr'><strong>plantae</strong></span> <span class='ocrx_word' id='word_1_282' title='bbox 906 2570 1122 2605; x_wconf 87' lang='lat' dir='ltr'><strong>constituit.</strong></span> <span class='ocrx_word' id='word_1_283' title='bbox 1172 2570 1386 2604; x_wconf 85' lang='lat' dir='ltr'><strong>Madefacta</strong></span> <span class='ocrx_word' id='word_1_284' title='bbox 1410 2569 1449 2603; x_wconf 92' lang='lat' dir='ltr'><strong>in</strong></span> <span class='ocrx_word' id='word_1_285' title='bbox 1475 2569 1616 2603; x_wconf 86' lang='lat' dir='ltr'><strong>nostris</strong></span> 
     </span>
     <span class='ocr_line' id='line_1_39' title="bbox 78 2625 1619 2674; baseline -0.003 -11"><span class='ocrx_word' id='word_1_286' title='bbox 78 2629 342 2674; x_wconf 86' lang='lat' dir='ltr'><strong>fragilissima;</strong></span> <span class='ocrx_word' id='word_1_287' title='bbox 376 2628 565 2662; x_wconf 85' lang='lat' dir='ltr'><strong>exsiccata</strong></span> <span class='ocrx_word' id='word_1_288' title='bbox 598 2631 713 2662; x_wconf 88' lang='lat' dir='ltr'><strong>tenue</strong></span> <span class='ocrx_word' id='word_1_289' title='bbox 745 2629 1043 2670; x_wconf 81' lang='lat' dir='ltr'><strong>membranacea,</strong></span> <span class='ocrx_word' id='word_1_290' title='bbox 1070 2627 1211 2661; x_wconf 82' lang='lat' dir='ltr'><strong>chartae</strong></span> <span class='ocrx_word' id='word_1_291' title='bbox 1238 2627 1316 2660; x_wconf 89' lang='lat' dir='ltr'><strong>fere</strong></span> <span class='ocrx_word' id='word_1_292' title='bbox 1343 2637 1527 2669; x_wconf 88' lang='lat' dir='ltr'><strong>nusquam</strong></span> <span class='ocrx_word' id='word_1_293' title='bbox 1555 2625 1619 2659; x_wconf 88' lang='lat' dir='ltr'><strong>ad-</strong></span> 
     </span>
     <span class='ocr_line' id='line_1_40' title="bbox 78 2681 1618 2729; baseline -0.004 -9"><span class='ocrx_word' id='word_1_294' title='bbox 78 2686 243 2729; x_wconf 85' lang='lat' dir='ltr'><strong>haerens,</strong></span> <span class='ocrx_word' id='word_1_295' title='bbox 269 2684 474 2729; x_wconf 83' lang='lat' dir='ltr'><strong>Zoophytis</strong></span> <span class='ocrx_word' id='word_1_296' title='bbox 502 2696 603 2729; x_wconf 77' lang='lat' dir='ltr'><strong>saepe</strong></span> <span class='ocrx_word' id='word_1_297' title='bbox 629 2685 828 2719; x_wconf 84' lang='lat' dir='ltr'><strong>admodum</strong></span> <span class='ocrx_word' id='word_1_298' title='bbox 854 2684 1077 2718; x_wconf 87' lang='lat' dir='ltr'><strong>incrustata.</strong></span> <span class='ocrx_word' id='word_1_299' title='bbox 1115 2683 1150 2717; x_wconf 85' lang='lat' dir='ltr'><strong>Si</strong></span> <span class='ocrx_word' id='word_1_300' title='bbox 1173 2683 1240 2717; x_wconf 90' lang='lat' dir='ltr'><strong>sub</strong></span> <span class='ocrx_word' id='word_1_301' title='bbox 1259 2681 1509 2726; x_wconf 86' lang='lat' dir='ltr'><strong>microscopio</strong></span> <span class='ocrx_word' id='word_1_302' title='bbox 1535 2692 1618 2715; x_wconf 89' lang='lat' dir='ltr'><strong>cum</strong></span> 
     </span>
     <span class='ocr_line' id='line_1_41' title="bbox 79 2738 1618 2786; baseline -0.004 -9"><span class='ocrx_word' id='word_1_303' title='bbox 79 2744 124 2778; x_wconf 87' lang='lat' dir='ltr'><strong>N.</strong></span> <span class='ocrx_word' id='word_1_304' title='bbox 150 2743 316 2777; x_wconf 79' lang='lat' dir='ltr'><strong>lacerato</strong></span> <span class='ocrx_word' id='word_1_305' title='bbox 342 2745 596 2786; x_wconf 87' lang='lat' dir='ltr'><strong>comparatur,</strong></span> <span class='ocrx_word' id='word_1_306' title='bbox 634 2742 837 2786; x_wconf 84' lang='lat' dir='ltr'><strong>adspectus</strong></span> <span class='ocrx_word' id='word_1_307' title='bbox 876 2740 1072 2784; x_wconf 90' lang='lat' dir='ltr'><strong>utriusque</strong></span> <span class='ocrx_word' id='word_1_308' title='bbox 1112 2739 1311 2774; x_wconf 87' lang='lat' dir='ltr'><strong>admodum</strong></span> <span class='ocrx_word' id='word_1_309' title='bbox 1339 2738 1525 2772; x_wconf 85' lang='lat' dir='ltr'><strong>diversus.</strong></span> <span class='ocrx_word' id='word_1_310' title='bbox 1574 2738 1618 2771; x_wconf 89' lang='lat' dir='ltr'><strong>In</strong></span> 
     </span>
     <span class='ocr_line' id='line_1_42' title="bbox 79 2794 1619 2842; baseline -0.005 -7"><span class='ocrx_word' id='word_1_311' title='bbox 79 2801 123 2835; x_wconf 88' lang='lat' dir='ltr'><strong>N.</strong></span> <span class='ocrx_word' id='word_1_312' title='bbox 150 2800 317 2833; x_wconf 84' lang='lat' dir='ltr'><strong>lacerato</strong></span> <span class='ocrx_word' id='word_1_313' title='bbox 355 2798 459 2833; x_wconf 90' lang='lat' dir='ltr'><strong>frons</strong></span> <span class='ocrx_word' id='word_1_314' title='bbox 498 2798 657 2842; x_wconf 88' lang='lat' dir='ltr'><strong>pulchre</strong></span> <span class='ocrx_word' id='word_1_315' title='bbox 696 2798 874 2841; x_wconf 84' lang='lat' dir='ltr'><strong>areolata,</strong></span> <span class='ocrx_word' id='word_1_316' title='bbox 912 2795 1122 2842; x_wconf 83' lang='lat' dir='ltr'><strong>parietibus</strong></span> <span class='ocrx_word' id='word_1_317' title='bbox 1161 2795 1326 2840; x_wconf 86' lang='lat' dir='ltr'><strong>hyalinis</strong></span> <span class='ocrx_word' id='word_1_318' title='bbox 1366 2794 1619 2828; x_wconf 85' lang='lat' dir='ltr'><strong>endochroma</strong></span> 
     </span>
     <span class='ocr_line' id='line_1_43' title="bbox 79 2849 1618 2900; baseline -0.005 -9"><span class='ocrx_word' id='word_1_319' title='bbox 79 2855 375 2899; x_wconf 85' lang='lat' dir='ltr'><strong>includentibus,</strong></span> <span class='ocrx_word' id='word_1_320' title='bbox 396 2866 651 2900; x_wconf 86' lang='lat' dir='ltr'><strong>venarumque</strong></span> <span class='ocrx_word' id='word_1_321' title='bbox 670 2854 780 2889; x_wconf 87' lang='lat' dir='ltr'><strong>lineis</strong></span> <span class='ocrx_word' id='word_1_322' title='bbox 801 2853 976 2900; x_wconf 85' lang='lat' dir='ltr'><strong>angustis</strong></span> <span class='ocrx_word' id='word_1_323' title='bbox 996 2852 1151 2887; x_wconf 84' lang='lat' dir='ltr'><strong>cellulas</strong></span> <span class='ocrx_word' id='word_1_324' title='bbox 1172 2850 1418 2887; x_wconf 77' lang='lat' dir='ltr'><strong>intermedias</strong></span> <span class='ocrx_word' id='word_1_325' title='bbox 1437 2849 1618 2885; x_wconf 85' lang='lat' dir='ltr'><strong>distincte</strong></span> 
     </span>
    </p>
   </div>
  </div>
 </body>
</html>
