1757 3114
1556 119 1634 162 687

98 244 167 277 pra
191 233 329 266 callum
353 232 560 267 radicalem
597 230 1000 276 subhemisphaericum
1038 231 1142 265 frons
1179 232 1369 266 cuneatim
1396 234 1638 278 expanditur,

97 291 220 325 rarius
245 291 401 326 breviter
435 290 622 335 stipitata,
661 290 798 334 saepius
824 289 879 323 ita
915 288 1100 333 profunde
1138 288 1228 324 fissa
1253 293 1294 324 ut
1320 293 1448 335 partes
1476 291 1636 336 singulae

99 349 453 382 obovato-cuneatae
492 347 624 393 stipite
662 347 838 391 elongato
876 348 1052 391 angusto,
1091 346 1155 380 vix
1186 347 1301 381 tereti
1329 347 1395 381 sed
1421 347 1575 391 planato
1600 351 1639 382 et

98 404 323 450 longissime
350 407 509 439 cuneato
536 404 699 438 suffultfe
726 403 948 447 adpareant.
983 402 1161 438 Plurimae
1187 403 1341 438 frondes
1362 415 1524 449 superne
1544 416 1638 449 vage

98 460 303 504 laciniatae,
345 472 445 495 nunc
481 472 628 504 qnoque
663 472 683 494 a
706 459 878 504 margine
915 458 1107 503 proliferae
1146 460 1272 504 (modo
1309 460 1354 494 K.
1392 460 1638 505 reniformis).

100 517 346 563 Cystocarpia
372 530 486 563 supra
510 520 639 562 partes
668 517 883 562 superiores
909 515 1101 551 frondium
1121 517 1346 552 densissime
1366 529 1510 562 sparsa,
1529 529 1638 562 quam

98 576 139 609 in
164 575 208 610 K.
234 575 431 610 reniformi
457 575 572 620 duplo
598 574 741 619 majora
767 576 805 608 et
830 573 1082 618 carpostomio
1114 574 1284 608 evidenti
1309 574 1485 619 praedita.
1519 574 1639 608 Frons

99 633 250 667 intense
277 633 464 676 coccinea,
492 632 730 676 expositione
758 631 797 665 in
822 642 972 665 roseum
1004 631 1142 665 tendit.
1193 631 1343 665 Chartae
1381 643 1480 666 nunc
1516 631 1638 665 minus

100 690 272 724 adhaeret
298 692 400 724 statu
427 689 623 724 fructifero
649 691 687 723 et
714 688 911 729 adultiori3
934 687 1115 732 juvenilis
1136 699 1236 733 saepe
1256 689 1470 723 arctissime
1489 689 1640 723 adnata.

99 747 291 782 Nonnulla
317 747 523 792 specimina
550 747 628 782 vidi
653 758 736 790 quae
764 744 1084 790 Callophyllidem
1111 749 1282 780 ornatam
1300 746 1419 780 Mont.
1439 746 1530 790 Voy.
1551 745 1639 780 Sud.

99 804 194 838 mire
220 804 405 847 referant3
438 807 476 838 at
501 806 633 838 nostra
657 803 801 838 habent
828 805 1060 838 structuram
1088 802 1411 837 evidentissimam
1448 803 1639 847 Kallyme-

99 860 191 903 niae:
219 861 350 906 planta
374 861 597 906 Montagnei
623 861 739 895 habet
765 862 997 894 structuram
1032 858 1249 894 evidentem
1277 859 1582 904 Callophyllidis,
1609 859 1641 893 si

101 916 203 951 iconi
229 918 426 963 Kiitzingii
451 917 546 952 fides
573 917 748 952 habenda
773 917 836 951 sit.

192 987 339 1023 Praeter
364 988 409 1022 K.
437 988 650 1034 Berggreni
677 999 722 1022 ex
748 988 853 1023 Nova
879 987 1063 1022 Zelandia
1089 987 1306 1033 fragmenta
1343 988 1538 1023 simillima
1563 988 1640 1023 vidi

101 1044 335 1089 Halymeniae
361 1045 569 1090 cujusdam,
596 1056 678 1089 quae
705 1056 751 1080 ne
779 1056 861 1079 cum
886 1047 1018 1080 nostra
1044 1045 1296 1080 confundatur
1322 1057 1467 1081 caveas.

104 1162 193 1203 l3a.
227 1161 505 1202 KALLYMENIA
536 1175 876 1203 POLYCOELIOIDES
908 1161 971 1213 (J.
994 1161 1074 1214 Ay.
1098 1163 1244 1217 mser.)
1266 1161 1418 1204 fronde
1440 1176 1641 1204 carnoso-

213 1234 546 1275 membranacea
570 1233 766 1287 stipitata
786 1231 1422 1285 dichotomo-subpalmatifida,
1447 1245 1640 1284 segmen-

213 1302 268 1343 tis
298 1302 535 1343 linearibus
567 1301 681 1343 infra
710 1301 867 1343 axillas
898 1300 995 1354 plus
1027 1300 1167 1341 minus
1199 1301 1404 1349 cuneatis,
1437 1301 1642 1342 termina-

215 1370 326 1412 libus
348 1370 542 1412 (lilatatis
565 1369 1010 1422 subdigitato-lobatis
1032 1369 1142 1411 lobis
1162 1369 1341 1418 obtusis,
1360 1368 1502 1410 axillis
1518 1368 1642 1410 adul-

215 1439 398 1481 tioribus
429 1439 673 1480 rotundatis
705 1452 817 1480 nunc
849 1452 875 1479 a
905 1439 1099 1492 margine
1121 1437 1349 1492 proliferis,
1373 1438 1641 1491 marginibus

213 1511 416 1549 caeterum
462 1508 764 1562 integerrimis,
795 1507 1073 1562 cystocarpiis
1119 1520 1195 1560 per
1233 1511 1455 1561 segmenta
1500 1507 1642 1548 media

216 1576 378 1629 sparsis
409 1579 452 1618 et
483 1576 525 1617 in
555 1576 696 1618 medio
727 1579 1047 1630 segmentorum
1079 1576 1304 1624 immersis,
1327 1575 1523 1629 pluribus
1544 1589 1640 1616 con-

218 1643 454 1687 fluentibus
487 1644 679 1686 maculas
711 1658 890 1698 magnas
922 1643 1179 1686 rotundatas
1211 1644 1531 1686 mentientibus.

273 1724 383 1767 Hab.
414 1724 469 1766 ad
501 1724 660 1767 Orford
691 1724 930 1767 Tasmaniae
961 1724 1094 1778 (Dma
1126 1723 1396 1777 Meredith!).

193 1829 248 1864 Ex
266 1828 398 1864 habitu
417 1832 577 1864 externo
595 1829 845 1874 Polycoeliam
866 1829 1057 1872 crederes,
1084 1831 1148 1863 aut
1173 1828 1251 1862 fere
1270 1839 1411 1863 meram
1431 1827 1645 1873 Callophyl-

102 1885 220 1920 Iidem
246 1886 480 1931 laciniatam,
506 1887 610 1931 cujus
636 1885 785 1921 laciniae
814 1886 1028 1931 superiores
1055 1886 1166 1921 modo
1198 1885 1354 1920 insolito
1385 1884 1527 1920 fuisent
1552 1885 1645 1919 dila-

102 1945 193 1977 tatae
220 1946 258 1978 et
283 1944 435 1978 lobatae.
472 1943 648 1978 Dissecta
674 1946 906 1978 structuram
924 1943 1174 1988 Kallymeniae
1195 1942 1523 1978 evidentissimam
1542 1954 1644 1977 mon-

103 2002 212 2034 strat.
263 1999 346 2034 Fila
370 2000 555 2035 interiora
579 2000 618 2034 in
645 1999 768 2035 sterili
799 2003 908 2045 parte
946 2000 1069 2034 minus
1108 2000 1227 2034 densa
1253 2003 1291 2033 et
1316 2002 1499 2034 contentu
1525 1999 1645 2044 magis

102 2055 217 2091 fluido
243 2055 447 2100 inst-ructa,
472 2055 511 2090 in
538 2055 677 2091 vicinia
702 2056 892 2091 fructuum
925 2057 1116 2100 densiora,
1150 2056 1321 2091 articulis
1348 2056 1436 2090 hinc
1461 2056 1645 2091 incrassa-

103 2112 154 2147 tis
180 2113 371 2159 oblongis,
409 2113 516 2148 illinc
554 2114 661 2158 quasi
687 2113 726 2148 in
753 2114 1003 2159 appendicem
1035 2114 1246 2149 tenuiorem
1285 2115 1470 2159 producta
1496 2117 1534 2148 et
1559 2126 1645 2149 con-

103 2172 214 2204 tentu
241 2171 445 2216 granuloso
471 2170 608 2212 farcta3
629 2174 791 2206 stratum
810 2171 1080 2206 intermedium
1100 2170 1284 2216 ejusmodi
1303 2171 1452 2205 cellulis
1471 2171 1646 2215 adproxi-

104 2229 215 2262 matis
243 2231 281 2262 et
307 2228 521 2263 evidentius
548 2229 938 2271 anastomosantibus;
967 2232 1128 2263 stratum
1154 2229 1334 2264 corticale
1360 2231 1512 2262 constat
1530 2228 1646 2262 cellu-

104 2285 152 2319 lis
178 2285 355 2320 coloratis
382 2286 598 2321 rotundatis
625 2285 664 2320 in
690 2285 754 2320 fila
778 2286 909 2321 brevia
947 2285 1145 2320 verticalia
1181 2285 1259 2319 sere
1292 2284 1518 2329 conjunctis.
1567 2285 1645 2318 Ma-

106 2343 199 2377 culae
227 2343 551 2387 cystocarpiiferae
578 2343 756 2387 utrinque
790 2343 946 2387 inflatae,
984 2343 1124 2377 lineam
1163 2342 1348 2377 diametro
1374 2342 1453 2377 sere
1480 2344 1645 2386 aequant,

105 2410 204 2433 nunc
225 2403 418 2444 superant,
438 2400 685 2445 cystocarpiis
703 2400 891 2445 pluribus,
910 2399 1003 2444 ipsis
1020 2400 1254 2444 compositis,
1270 2399 1509 2441 constitutae3
1525 2402 1646 2433 struc-

106 2458 192 2490 tura
217 2459 400 2490 caeterum
425 2459 468 2491 ut
494 2457 533 2491 in
559 2457 644 2491 aliis
671 2457 869 2502 speciebus
894 2456 1061 2502 generis.
1110 2457 1232 2492 Frons
1260 2457 1412 2491 videtur
1438 2456 1646 2502 subgelati-

107 2525 378 2549 noso-carnosa
403 2517 442 2549 et
466 2525 606 2549 crassa.
657 2514 807 2549 Chartae
835 2517 939 2549 arcte
965 2514 1149 2549 adhaeret.

108 2646 205 2686 pag.
238 2634 318 2673 225
350 2633 462 2674 inter
493 2632 655 2686 species
686 2632 968 2687 inquirendas
999 2631 1282 2686 Kallymeniae
1315 2630 1446 2673 adde:

108 2772 406 2814 PAOHYCARPUS
453 2770 633 2813 Momm
679 2771 813 2814 Mam.
860 2775 896 2812 et
943 2771 1006 2813 M.
1054 2771 1112 2813 Il.
1147 2770 1341 2814 Bermion
1375 2784 1447 2814 nto
1478 2772 1644 2826 229291

228 2838 328 2881 XX
340 2839 414 2881 VI.
447 2841 483 2880 2.
