<?xml version="1.0" encoding="UTF-8"?>
<!DOCTYPE html PUBLIC "-//W3C//DTD XHTML 1.0 Transitional//EN"
    "http://www.w3.org/TR/xhtml1/DTD/xhtml1-transitional.dtd">
<html xmlns="http://www.w3.org/1999/xhtml" xml:lang="en" lang="en">
 <head>
  <title>
</title>
<meta http-equiv="Content-Type" content="text/html;charset=utf-8" />
  <meta name='ocr-system' content='tesseract 3.04.00' />
  <meta name='ocr-capabilities' content='ocr_page ocr_carea ocr_par ocr_line ocrx_word'/>
</head>
<body>
  <div class='ocr_page' id='page_1' title='image "./speciesgeneraeto0301agar_0582.png"; bbox 0 0 1757 3114; ppageno 0'>
   <div class='ocr_carea' id='block_1_1' title="bbox 121 158 1640 212">
    <p class='ocr_par' dir='ltr' id='par_1_1' title="bbox 121 158 1640 212">
     <span class='ocr_line' id='line_1_1' title="bbox 121 158 1640 212; baseline -0.001 -12"><span class='ocrx_word' id='word_1_1' title='bbox 121 160 200 201; x_wconf 81' lang='lat'>566</span> <span class='ocrx_word' id='word_1_2' title='bbox 748 159 1021 202; x_wconf 75' lang='lat' dir='ltr'>HYPNEAOEAE.</span> <span class='ocrx_word' id='word_1_3' title='bbox 1298 158 1640 212; x_wconf 70' lang='lat' dir='ltr'>Rhododactylis.</span> 
     </span>
    </p>
   </div>
   <div class='ocr_carea' id='block_1_2' title="bbox 112 271 1641 602">
    <p class='ocr_par' dir='ltr' id='par_1_2' title="bbox 112 271 1641 602">
     <span class='ocr_line' id='line_1_2' title="bbox 113 271 1639 327; baseline -0.001 -14"><span class='ocrx_word' id='word_1_4' title='bbox 113 272 192 313; x_wconf 82' lang='lat' dir='ltr'>H.?</span> <span class='ocrx_word' id='word_1_5' title='bbox 224 286 401 315; x_wconf 79' lang='lat' dir='ltr'>SETACEA</span> <span class='ocrx_word' id='word_1_6' title='bbox 435 273 564 316; x_wconf 60' lang='lat' dir='ltr'>K‘e‘itz.</span> <span class='ocrx_word' id='word_1_7' title='bbox 595 273 676 315; x_wconf 75' lang='lat' dir='ltr'>tab.</span> <span class='ocrx_word' id='word_1_8' title='bbox 710 273 842 326; x_wconf 70' lang='lat' dir='ltr'>Phyc.</span> <span class='ocrx_word' id='word_1_9' title='bbox 877 271 965 314; x_wconf 75' lang='lat' dir='ltr'>Vol.</span> <span class='ocrx_word' id='word_1_10' title='bbox 989 271 1176 316; x_wconf 93' lang='lat' dir='ltr'><strong><em>XVIII</em></strong></span> <span class='ocrx_word' id='word_1_11' title='bbox 1193 273 1274 315; x_wconf 76' lang='lat' dir='ltr'>tab.</span> <span class='ocrx_word' id='word_1_12' title='bbox 1297 274 1362 314; x_wconf 88' lang='lat'>31.</span> <span class='ocrx_word' id='word_1_13' title='bbox 1386 287 1408 314; x_wconf 93' lang='lat' dir='ltr'>e</span> <span class='ocrx_word' id='word_1_14' title='bbox 1429 271 1639 327; x_wconf 81' lang='lat' dir='ltr'>Cayenne.</span> 
     </span>
     <span class='ocr_line' id='line_1_3' title="bbox 112 340 1640 396; baseline -0.001 -13"><span class='ocrx_word' id='word_1_15' title='bbox 112 341 163 383; x_wconf 91' lang='lat' dir='ltr'>H.</span> <span class='ocrx_word' id='word_1_16' title='bbox 196 356 305 383; x_wconf 84' lang='lat' dir='ltr'><strong>VAGA</strong></span> <span class='ocrx_word' id='word_1_17' title='bbox 339 342 470 383; x_wconf 56' lang='lat' dir='ltr'>Kio‘tz.</span> <span class='ocrx_word' id='word_1_18' title='bbox 501 342 582 384; x_wconf 80' lang='lat' dir='ltr'>tab.</span> <span class='ocrx_word' id='word_1_19' title='bbox 626 342 752 396; x_wconf 72' lang='lat' dir='ltr'>Phyc.</span> <span class='ocrx_word' id='word_1_20' title='bbox 802 340 890 383; x_wconf 75' lang='lat' dir='ltr'>Vol.</span> <span class='ocrx_word' id='word_1_21' title='bbox 932 341 1119 384; x_wconf 90' lang='lat' dir='ltr'><strong><em>XVIII</em></strong></span> <span class='ocrx_word' id='word_1_22' title='bbox 1150 343 1232 384; x_wconf 77' lang='lat' dir='ltr'>tab.</span> <span class='ocrx_word' id='word_1_23' title='bbox 1263 343 1328 383; x_wconf 80' lang='lat'>23.</span> <span class='ocrx_word' id='word_1_24' title='bbox 1360 357 1381 384; x_wconf 87' lang='grc'>0</span> <span class='ocrx_word' id='word_1_25' title='bbox 1413 341 1530 384; x_wconf 89' lang='lat' dir='ltr'>Nova</span> <span class='ocrx_word' id='word_1_26' title='bbox 1561 340 1640 382; x_wconf 86' lang='lat' dir='ltr'>Ca-</span> 
     </span>
     <span class='ocr_line' id='line_1_4' title="bbox 114 411 1641 530; baseline -0.001 -11"><span class='ocrx_word' id='word_1_27' title='bbox 114 478 166 519; x_wconf 85' lang='lat' dir='ltr'>H.</span> <span class='ocrx_word' id='word_1_28' title='bbox 198 411 410 520; x_wconf 52' lang='grc' dir='ltr'>11111ῐῖἶὲἒῖ</span> <span class='ocrx_word' id='word_1_29' title='bbox 442 479 571 520; x_wconf 57' lang='lat' dir='ltr'>Kietz.</span> <span class='ocrx_word' id='word_1_30' title='bbox 601 479 687 520; x_wconf 67' lang='lat' dir='ltr'>ihm</span> <span class='ocrx_word' id='word_1_31' title='bbox 717 480 786 521; x_wconf 72' lang='lat' dir='ltr'>tab</span> <span class='ocrx_word' id='word_1_32' title='bbox 818 479 883 520; x_wconf 80' lang='lat'>27.</span> <span class='ocrx_word' id='word_1_33' title='bbox 915 493 936 520; x_wconf 90' lang='lat' dir='ltr'>e</span> <span class='ocrx_word' id='word_1_34' title='bbox 958 478 1068 521; x_wconf 83' lang='lat' dir='ltr'>freto</span> <span class='ocrx_word' id='word_1_35' title='bbox 1099 478 1274 530; x_wconf 87' lang='lat' dir='ltr'>Torres;</span> <span class='ocrx_word' id='word_1_36' title='bbox 1297 492 1353 520; x_wconf 89' lang='lat' dir='ltr'>an</span> <span class='ocrx_word' id='word_1_37' title='bbox 1374 477 1641 522; x_wconf 83' lang='lat' dir='ltr'>Gracilaria?</span> 
     </span>
     <span class='ocr_line' id='line_1_5' title="bbox 114 545 1361 602; baseline 0 -14"><span class='ocrx_word' id='word_1_38' title='bbox 114 547 164 588; x_wconf 92' lang='lat' dir='ltr'>H.</span> <span class='ocrx_word' id='word_1_39' title='bbox 197 560 405 588; x_wconf 78' lang='lat' dir='ltr'><strong>CONFERTA</strong></span> <span class='ocrx_word' id='word_1_40' title='bbox 440 547 568 588; x_wconf 56' lang='lat' dir='ltr'>Kritz.</span> <span class='ocrx_word' id='word_1_41' title='bbox 598 547 681 589; x_wconf 79' lang='lat' dir='ltr'>ihm</span> <span class='ocrx_word' id='word_1_42' title='bbox 713 548 793 589; x_wconf 75' lang='lat' dir='ltr'>tab.</span> <span class='ocrx_word' id='word_1_43' title='bbox 826 548 890 588; x_wconf 84' lang='lat'>28.</span> <span class='ocrx_word' id='word_1_44' title='bbox 923 560 979 588; x_wconf 87' lang='lat' dir='ltr'>an</span> <span class='ocrx_word' id='word_1_45' title='bbox 1010 545 1361 602; x_wconf 85' lang='lat' dir='ltr'>Cordylecladia?</span> 
     </span>
    </p>
   </div>
   <div class='ocr_carea' id='block_1_3' title="bbox 115 709 1553 762">
    <p class='ocr_par' dir='ltr' id='par_1_3' title="bbox 115 709 1553 762">
     <span class='ocr_line' id='line_1_6' title="bbox 115 709 1553 762; baseline -0.006 -3"><span class='ocrx_word' id='word_1_46' title='bbox 115 711 225 761; x_wconf 71' lang='lat' dir='ltr'>OEXh.</span> <span class='ocrx_word' id='word_1_47' title='bbox 264 712 682 758; x_wconf 76' lang='lat' dir='ltr'>RHODODAGTYffls</span> <span class='ocrx_word' id='word_1_48' title='bbox 718 710 761 752; x_wconf 87' lang='lat' dir='ltr'>J.</span> <span class='ocrx_word' id='word_1_49' title='bbox 796 710 876 762; x_wconf 66' lang='lat' dir='ltr'>Ay.</span> <span class='ocrx_word' id='word_1_50' title='bbox 909 724 1031 752; x_wconf 76' lang='lat' dir='ltr'>mser.</span> <span class='ocrx_word' id='word_1_51' title='bbox 1065 709 1288 753; x_wconf 67' lang='lat' dir='ltr'>Chondriae</span> <span class='ocrx_word' id='word_1_52' title='bbox 1318 723 1381 762; x_wconf 80' lang='lat' dir='ltr'>sp.</span> <span class='ocrx_word' id='word_1_53' title='bbox 1414 709 1553 751; x_wconf 75' lang='lat' dir='ltr'>Harv.</span> 
     </span>
    </p>
   </div>
   <div class='ocr_carea' id='block_1_4' title="bbox 117 812 1650 1551">
    <p class='ocr_par' dir='ltr' id='par_1_4' title="bbox 117 812 1650 1551">
     <span class='ocr_line' id='line_1_7' title="bbox 117 812 1645 866; baseline 0 -12"><span class='ocrx_word' id='word_1_54' title='bbox 117 813 252 855; x_wconf 86' lang='lat' dir='ltr'>Frons</span> <span class='ocrx_word' id='word_1_55' title='bbox 282 813 561 854; x_wconf 83' lang='lat' dir='ltr'>teretiuscula</span> <span class='ocrx_word' id='word_1_56' title='bbox 608 828 739 866; x_wconf 85' lang='lat' dir='ltr'>supra</span> <span class='ocrx_word' id='word_1_57' title='bbox 783 812 950 854; x_wconf 89' lang='lat' dir='ltr'>caulem</span> <span class='ocrx_word' id='word_1_58' title='bbox 995 812 1323 854; x_wconf 86' lang='lat' dir='ltr'>trunciformem</span> <span class='ocrx_word' id='word_1_59' title='bbox 1368 813 1412 853; x_wconf 90' lang='lat' dir='ltr'>in</span> <span class='ocrx_word' id='word_1_60' title='bbox 1456 813 1645 854; x_wconf 86' lang='lat' dir='ltr'>ramulos</span> 
     </span>
     <span class='ocr_line' id='line_1_8' title="bbox 225 880 1646 936; baseline -0.001 -14"><span class='ocrx_word' id='word_1_61' title='bbox 225 886 376 922; x_wconf 88' lang='lat' dir='ltr'>tenues</span> <span class='ocrx_word' id='word_1_62' title='bbox 407 880 626 922; x_wconf 86' lang='lat' dir='ltr'>filiformes</span> <span class='ocrx_word' id='word_1_63' title='bbox 663 881 832 935; x_wconf 89' lang='lat' dir='ltr'>patulos</span> <span class='ocrx_word' id='word_1_64' title='bbox 870 881 1017 933; x_wconf 74' lang='lat' dir='ltr'>divisa,</span> <span class='ocrx_word' id='word_1_65' title='bbox 1057 881 1173 923; x_wconf 89' lang='lat' dir='ltr'>intra</span> <span class='ocrx_word' id='word_1_66' title='bbox 1214 881 1415 923; x_wconf 90' lang='lat' dir='ltr'>corticem</span> <span class='ocrx_word' id='word_1_67' title='bbox 1445 881 1646 936; x_wconf 86' lang='lat' dir='ltr'>subpoly-</span> 
     </span>
     <span class='ocr_line' id='line_1_9' title="bbox 228 949 1645 1003; baseline 0 -13"><span class='ocrx_word' id='word_1_68' title='bbox 228 950 437 1003; x_wconf 72' lang='lat' dir='ltr'>siphonia.</span> <span class='ocrx_word' id='word_1_69' title='bbox 471 949 634 991; x_wconf 84' lang='lat' dir='ltr'>cellulis</span> <span class='ocrx_word' id='word_1_70' title='bbox 666 950 867 991; x_wconf 86' lang='lat' dir='ltr'>nimirum</span> <span class='ocrx_word' id='word_1_71' title='bbox 899 950 922 990; x_wconf 86' lang='lat'>5</span> <span class='ocrx_word' id='word_1_72' title='bbox 954 949 1068 991; x_wconf 85' lang='lat' dir='ltr'>circa</span> <span class='ocrx_word' id='word_1_73' title='bbox 1098 949 1332 991; x_wconf 88' lang='lat' dir='ltr'>centralem</span> <span class='ocrx_word' id='word_1_74' title='bbox 1355 949 1645 1003; x_wconf 79' lang='lat' dir='ltr'>angustiorem</span> 
     </span>
     <span class='ocr_line' id='line_1_10' title="bbox 226 1018 1646 1073; baseline 0.001 -14"><span class='ocrx_word' id='word_1_75' title='bbox 226 1019 269 1060; x_wconf 89' lang='lat' dir='ltr'>in</span> <span class='ocrx_word' id='word_1_76' title='bbox 301 1019 447 1061; x_wconf 89' lang='lat' dir='ltr'>orbem</span> <span class='ocrx_word' id='word_1_77' title='bbox 480 1019 702 1073; x_wconf 88' lang='lat' dir='ltr'>dispositis·</span> <span class='ocrx_word' id='word_1_78' title='bbox 727 1019 1022 1073; x_wconf 70' lang='lat' dir='ltr'>aeque-longis,</span> <span class='ocrx_word' id='word_1_79' title='bbox 1062 1018 1312 1073; x_wconf 87' lang='lat' dir='ltr'>cellulisqne</span> <span class='ocrx_word' id='word_1_80' title='bbox 1358 1018 1646 1061; x_wconf 73' lang='lat' dir='ltr'>exterioribus</span> 
     </span>
     <span class='ocr_line' id='line_1_11' title="bbox 227 1087 1648 1136; baseline -0.001 -7"><span class='ocrx_word' id='word_1_81' title='bbox 227 1087 510 1136; x_wconf 73' lang='lat' dir='ltr'>brevioribus,</span> <span class='ocrx_word' id='word_1_82' title='bbox 542 1088 586 1128; x_wconf 87' lang='lat' dir='ltr'>in</span> <span class='ocrx_word' id='word_1_83' title='bbox 632 1087 855 1129; x_wconf 86' lang='lat' dir='ltr'>corticales</span> <span class='ocrx_word' id='word_1_84' title='bbox 901 1088 1087 1130; x_wconf 88' lang='lat' dir='ltr'>minores</span> <span class='ocrx_word' id='word_1_85' title='bbox 1132 1087 1391 1130; x_wconf 86' lang='lat' dir='ltr'>abeuntibus</span> <span class='ocrx_word' id='word_1_86' title='bbox 1438 1089 1648 1129; x_wconf 81' lang='lat' dir='ltr'>contexta.</span> 
     </span>
     <span class='ocr_line' id='line_1_12' title="bbox 230 1155 1648 1209; baseline -0.002 -11"><span class='ocrx_word' id='word_1_87' title='bbox 230 1155 510 1209; x_wconf 68' lang='lat' dir='ltr'>Oystoearffl‘a</span> <span class='ocrx_word' id='word_1_88' title='bbox 539 1156 655 1197; x_wconf 88' lang='grc'>111110</span> <span class='ocrx_word' id='word_1_89' title='bbox 685 1156 974 1209; x_wconf 87' lang='lat' dir='ltr'>pericarpium</span> <span class='ocrx_word' id='word_1_90' title='bbox 1006 1159 1190 1207; x_wconf 83' lang='lat' dir='ltr'>ovatum,</span> <span class='ocrx_word' id='word_1_91' title='bbox 1213 1155 1502 1209; x_wconf 87' lang='lat' dir='ltr'>carpostomio</span> <span class='ocrx_word' id='word_1_92' title='bbox 1524 1168 1648 1209; x_wconf 86' lang='lat' dir='ltr'>aper-</span> 
     </span>
     <span class='ocr_line' id='line_1_13' title="bbox 229 1223 1647 1278; baseline 0 -14"><span class='ocrx_word' id='word_1_93' title='bbox 229 1228 333 1274; x_wconf 77' lang='lat' dir='ltr'>tum,</span> <span class='ocrx_word' id='word_1_94' title='bbox 382 1223 580 1265; x_wconf 82' lang='lat' dir='ltr'>nucleum</span> <span class='ocrx_word' id='word_1_95' title='bbox 624 1224 828 1265; x_wconf 82' lang='lat' dir='ltr'>nucleolis</span> <span class='ocrx_word' id='word_1_96' title='bbox 876 1223 1072 1277; x_wconf 85' lang='lat' dir='ltr'>plurimis</span> <span class='ocrx_word' id='word_1_97' title='bbox 1119 1224 1399 1278; x_wconf 87' lang='lat' dir='ltr'>compositum</span> <span class='ocrx_word' id='word_1_98' title='bbox 1443 1223 1647 1273; x_wconf 84' lang='lat' dir='ltr'>foventia3</span> 
     </span>
     <span class='ocr_line' id='line_1_14' title="bbox 229 1290 1648 1346; baseline -0.001 -13"><span class='ocrx_word' id='word_1_99' title='bbox 229 1291 413 1334; x_wconf 89' lang='lat' dir='ltr'>nucleoli</span> <span class='ocrx_word' id='word_1_100' title='bbox 442 1292 555 1333; x_wconf 89' lang='lat' dir='ltr'>inter</span> <span class='ocrx_word' id='word_1_101' title='bbox 587 1290 662 1333; x_wconf 90' lang='lat' dir='ltr'>fila</span> <span class='ocrx_word' id='word_1_102' title='bbox 683 1292 1049 1334; x_wconf 87' lang='lat' dir='ltr'>anastomosantia</span> <span class='ocrx_word' id='word_1_103' title='bbox 1079 1292 1218 1334; x_wconf 87' lang='lat' dir='ltr'>nuclei</span> <span class='ocrx_word' id='word_1_104' title='bbox 1241 1292 1448 1346; x_wconf 78' lang='lat' dir='ltr'>suspensi,</span> <span class='ocrx_word' id='word_1_105' title='bbox 1471 1292 1648 1345; x_wconf 80' lang='lat' dir='ltr'>globosi,</span> 
     </span>
     <span class='ocr_line' id='line_1_15' title="bbox 230 1360 1650 1415; baseline 0 -14"><span class='ocrx_word' id='word_1_106' title='bbox 230 1360 472 1414; x_wconf 88' lang='lat' dir='ltr'>gemmidiis</span> <span class='ocrx_word' id='word_1_107' title='bbox 503 1360 747 1402; x_wconf 76' lang='lat' dir='ltr'>rotundatis</span> <span class='ocrx_word' id='word_1_108' title='bbox 779 1374 804 1401; x_wconf 89' lang='lat' dir='ltr'>a</span> <span class='ocrx_word' id='word_1_109' title='bbox 834 1364 992 1414; x_wconf 83' lang='lat' dir='ltr'>puncto</span> <span class='ocrx_word' id='word_1_110' title='bbox 1014 1360 1195 1402; x_wconf 88' lang='lat' dir='ltr'>centrali</span> <span class='ocrx_word' id='word_1_111' title='bbox 1218 1374 1559 1415; x_wconf 85' lang='lat' dir='ltr'>quoquoversum</span> <span class='ocrx_word' id='word_1_112' title='bbox 1580 1374 1650 1401; x_wconf 87' lang='lat' dir='ltr'>ra-</span> 
     </span>
     <span class='ocr_line' id='line_1_16' title="bbox 229 1428 1650 1482; baseline 0.001 -13"><span class='ocrx_word' id='word_1_113' title='bbox 229 1428 448 1470; x_wconf 84' lang='lat' dir='ltr'>diantibus</span> <span class='ocrx_word' id='word_1_114' title='bbox 491 1428 621 1470; x_wconf 89' lang='lat' dir='ltr'>dense</span> <span class='ocrx_word' id='word_1_115' title='bbox 667 1429 849 1482; x_wconf 85' lang='lat' dir='ltr'>stipatis,</span> <span class='ocrx_word' id='word_1_116' title='bbox 902 1429 1081 1471; x_wconf 86' lang='lat' dir='ltr'>invicem</span> <span class='ocrx_word' id='word_1_117' title='bbox 1127 1429 1368 1481; x_wconf 78' lang='lat' dir='ltr'>subliberis,</span> <span class='ocrx_word' id='word_1_118' title='bbox 1415 1429 1650 1471; x_wconf 88' lang='lat' dir='ltr'>constituti.</span> 
     </span>
     <span class='ocr_line' id='line_1_17' title="bbox 239 1498 719 1551; baseline 0 -11"><span class='ocrx_word' id='word_1_119' title='bbox 239 1498 557 1551; x_wconf 72' lang='lat' dir='ltr'>Sphcerosporce</span> <span class='ocrx_word' id='word_1_120' title='bbox 589 1532 596 1540; x_wconf 92' lang='lat'>.</span> <span class='ocrx_word' id='word_1_121' title='bbox 630 1532 637 1539; x_wconf 92' lang='lat'>.</span> <span class='ocrx_word' id='word_1_122' title='bbox 671 1533 678 1540; x_wconf 92' lang='lat'>.</span> <span class='ocrx_word' id='word_1_123' title='bbox 712 1533 719 1540; x_wconf 87' lang='lat'>.</span> 
     </span>
    </p>
   </div>
   <div class='ocr_carea' id='block_1_5' title="bbox 118 1590 1660 2947">
    <p class='ocr_par' dir='ltr' id='par_1_5' title="bbox 118 1590 1660 2808">
     <span class='ocr_line' id='line_1_18' title="bbox 233 1590 1652 1645; baseline 0.001 -15"><span class='ocrx_word' id='word_1_124' title='bbox 233 1590 336 1640; x_wconf 76' lang='lat' dir='ltr'>Quae</span> <span class='ocrx_word' id='word_1_125' title='bbox 370 1590 495 1644; x_wconf 83' lang='lat' dir='ltr'>hujus</span> <span class='ocrx_word' id='word_1_126' title='bbox 527 1591 694 1643; x_wconf 83' lang='lat' dir='ltr'>generis</span> <span class='ocrx_word' id='word_1_127' title='bbox 727 1591 870 1645; x_wconf 85' lang='lat' dir='ltr'>typica</span> <span class='ocrx_word' id='word_1_128' title='bbox 897 1590 1193 1632; x_wconf 81' lang='lat' dir='ltr'>consideratur</span> <span class='ocrx_word' id='word_1_129' title='bbox 1214 1591 1363 1644; x_wconf 86' lang='lat' dir='ltr'>planta</span> <span class='ocrx_word' id='word_1_130' title='bbox 1385 1590 1463 1632; x_wconf 91' lang='lat' dir='ltr'>sub</span> <span class='ocrx_word' id='word_1_131' title='bbox 1485 1590 1652 1631; x_wconf 86' lang='lat' dir='ltr'>nomine</span> 
     </span>
     <span class='ocr_line' id='line_1_19' title="bbox 118 1657 1655 1712; baseline 0.001 -14"><span class='ocrx_word' id='word_1_132' title='bbox 118 1657 347 1699; x_wconf 85' lang='lat' dir='ltr'>Chondriae</span> <span class='ocrx_word' id='word_1_133' title='bbox 379 1658 522 1700; x_wconf 80' lang='lat' dir='ltr'>rubrae</span> <span class='ocrx_word' id='word_1_134' title='bbox 554 1659 597 1699; x_wconf 89' lang='lat' dir='ltr'>in</span> <span class='ocrx_word' id='word_1_135' title='bbox 633 1658 761 1712; x_wconf 68' lang='lat' dir='ltr'>Plzyc.</span> <span class='ocrx_word' id='word_1_136' title='bbox 793 1660 981 1701; x_wconf 66' lang='lat' dir='ltr'>australi</span> <span class='ocrx_word' id='word_1_137' title='bbox 1010 1659 1087 1701; x_wconf 76' lang='lat' dir='ltr'>sub</span> <span class='ocrx_word' id='word_1_138' title='bbox 1119 1660 1200 1701; x_wconf 76' lang='lat' dir='ltr'>tab.</span> <span class='ocrx_word' id='word_1_139' title='bbox 1234 1660 1315 1700; x_wconf 78' lang='lat'>280</span> <span class='ocrx_word' id='word_1_140' title='bbox 1354 1658 1579 1712; x_wconf 73' lang='lat' dir='ltr'>descripta,</span> <span class='ocrx_word' id='word_1_141' title='bbox 1612 1662 1655 1700; x_wconf 93' lang='lat' dir='ltr'>et</span> 
     </span>
     <span class='ocr_line' id='line_1_20' title="bbox 119 1726 1653 1780; baseline 0.001 -14"><span class='ocrx_word' id='word_1_142' title='bbox 119 1726 251 1776; x_wconf 77' lang='lat' dir='ltr'>icone,</span> <span class='ocrx_word' id='word_1_143' title='bbox 283 1740 362 1780; x_wconf 89' lang='lat' dir='ltr'>pro</span> <span class='ocrx_word' id='word_1_144' title='bbox 393 1730 515 1780; x_wconf 89' lang='lat' dir='ltr'>parte</span> <span class='ocrx_word' id='word_1_145' title='bbox 548 1727 700 1768; x_wconf 89' lang='lat' dir='ltr'>saltem</span> <span class='ocrx_word' id='word_1_146' title='bbox 731 1727 899 1778; x_wconf 79' lang='lat' dir='ltr'>eximia,</span> <span class='ocrx_word' id='word_1_147' title='bbox 933 1727 1152 1769; x_wconf 85' lang='lat' dir='ltr'>illustrata</span> <span class='ocrx_word' id='word_1_148' title='bbox 1182 1727 1274 1769; x_wconf 82' lang='lat' dir='ltr'>fuit.</span> <span class='ocrx_word' id='word_1_149' title='bbox 1316 1728 1365 1769; x_wconf 89' lang='lat' dir='ltr'>In</span> <span class='ocrx_word' id='word_1_150' title='bbox 1396 1726 1653 1769; x_wconf 88' lang='lat' dir='ltr'>collectioni-</span> 
     </span>
     <span class='ocr_line' id='line_1_21' title="bbox 120 1794 1653 1850; baseline 0 -14"><span class='ocrx_word' id='word_1_151' title='bbox 120 1794 201 1836; x_wconf 89' lang='lat' dir='ltr'>bus</span> <span class='ocrx_word' id='word_1_152' title='bbox 232 1798 377 1836; x_wconf 85' lang='lat' dir='ltr'>autem</span> <span class='ocrx_word' id='word_1_153' title='bbox 408 1795 547 1836; x_wconf 90' lang='lat' dir='ltr'>adhuc</span> <span class='ocrx_word' id='word_1_154' title='bbox 577 1796 726 1849; x_wconf 82' lang='lat' dir='ltr'>paucis</span> <span class='ocrx_word' id='word_1_155' title='bbox 757 1796 996 1847; x_wconf 75' lang='lat' dir='ltr'>observata,</span> <span class='ocrx_word' id='word_1_156' title='bbox 1019 1810 1096 1838; x_wconf 87' lang='lat' dir='ltr'>nec</span> <span class='ocrx_word' id='word_1_157' title='bbox 1119 1795 1262 1850; x_wconf 86' lang='lat' dir='ltr'>quoad</span> <span class='ocrx_word' id='word_1_158' title='bbox 1294 1809 1439 1837; x_wconf 80' lang='lat' dir='ltr'>veram</span> <span class='ocrx_word' id='word_1_159' title='bbox 1471 1795 1653 1837; x_wconf 84' lang='lat' dir='ltr'>affinita-</span> 
     </span>
     <span class='ocr_line' id='line_1_22' title="bbox 121 1863 1655 1918; baseline 0.001 -15"><span class='ocrx_word' id='word_1_160' title='bbox 121 1866 207 1903; x_wconf 87' lang='lat' dir='ltr'>tem</span> <span class='ocrx_word' id='word_1_161' title='bbox 249 1863 392 1905; x_wconf 89' lang='lat' dir='ltr'>dubiis</span> <span class='ocrx_word' id='word_1_162' title='bbox 436 1863 587 1905; x_wconf 83' lang='lat' dir='ltr'>liber‘a.</span> <span class='ocrx_word' id='word_1_163' title='bbox 648 1864 714 1906; x_wconf 85' lang='lat' dir='ltr'>Ex</span> <span class='ocrx_word' id='word_1_164' title='bbox 746 1865 986 1918; x_wconf 67' lang='lat' dir='ltr'>specimine.</span> <span class='ocrx_word' id='word_1_165' title='bbox 1034 1864 1150 1918; x_wconf 88' lang='lat' dir='ltr'>quod</span> <span class='ocrx_word' id='word_1_166' title='bbox 1194 1864 1389 1918; x_wconf 84' lang='lat' dir='ltr'>Harveyo</span> <span class='ocrx_word' id='word_1_167' title='bbox 1436 1864 1568 1906; x_wconf 86' lang='lat' dir='ltr'>debeo</span> <span class='ocrx_word' id='word_1_168' title='bbox 1614 1867 1655 1905; x_wconf 88' lang='lat' dir='ltr'>et</span> 
     </span>
     <span class='ocr_line' id='line_1_23' title="bbox 123 1930 1655 1985; baseline 0.002 -15"><span class='ocrx_word' id='word_1_169' title='bbox 123 1930 256 1983; x_wconf 89' lang='lat' dir='ltr'>ipsius</span> <span class='ocrx_word' id='word_1_170' title='bbox 288 1945 419 1972; x_wconf 88' lang='lat' dir='ltr'>manu</span> <span class='ocrx_word' id='word_1_171' title='bbox 466 1932 634 1973; x_wconf 89' lang='lat' dir='ltr'>nomine</span> <span class='ocrx_word' id='word_1_172' title='bbox 680 1932 935 1974; x_wconf 83' lang='lat' dir='ltr'>Chondriae‘?</span> <span class='ocrx_word' id='word_1_173' title='bbox 981 1933 1124 1974; x_wconf 74' lang='lat' dir='ltr'>rubrae</span> <span class='ocrx_word' id='word_1_174' title='bbox 1169 1932 1435 1985; x_wconf 88' lang='lat' dir='ltr'>inscriptum,</span> <span class='ocrx_word' id='word_1_175' title='bbox 1481 1931 1655 1973; x_wconf 89' lang='lat' dir='ltr'>credere</span> 
     </span>
     <span class='ocr_line' id='line_1_24' title="bbox 124 1998 1655 2055; baseline 0.001 -16"><span class='ocrx_word' id='word_1_176' title='bbox 124 1998 222 2039; x_wconf 87' lang='lat' dir='ltr'>licet</span> <span class='ocrx_word' id='word_1_177' title='bbox 252 2012 348 2040; x_wconf 89' lang='lat' dir='ltr'>eum</span> <span class='ocrx_word' id='word_1_178' title='bbox 380 2014 549 2054; x_wconf 81' lang='lat' dir='ltr'>quoque</span> <span class='ocrx_word' id='word_1_179' title='bbox 581 2001 632 2042; x_wconf 90' lang='lat' dir='ltr'>de</span> <span class='ocrx_word' id='word_1_180' title='bbox 670 2001 877 2042; x_wconf 86' lang='lat' dir='ltr'>affinitate</span> <span class='ocrx_word' id='word_1_181' title='bbox 915 2002 1146 2043; x_wconf 86' lang='lat' dir='ltr'>dubitasse.</span> <span class='ocrx_word' id='word_1_182' title='bbox 1205 2001 1255 2042; x_wconf 89' lang='lat' dir='ltr'>In</span> <span class='ocrx_word' id='word_1_183' title='bbox 1285 2000 1544 2055; x_wconf 86' lang='lat' dir='ltr'>Phycologia</span> <span class='ocrx_word' id='word_1_184' title='bbox 1581 2015 1655 2042; x_wconf 83' lang='lat' dir='ltr'>au-</span> 
     </span>
     <span class='ocr_line' id='line_1_25' title="bbox 123 2067 1656 2124; baseline 0.003 -17"><span class='ocrx_word' id='word_1_185' title='bbox 123 2067 246 2108; x_wconf 88' lang='lat' dir='ltr'>strali</span> <span class='ocrx_word' id='word_1_186' title='bbox 277 2069 451 2120; x_wconf 81' lang='lat' dir='ltr'>agnovit</span> <span class='ocrx_word' id='word_1_187' title='bbox 482 2082 525 2109; x_wconf 83' lang='lat' dir='ltr'>se</span> <span class='ocrx_word' id='word_1_188' title='bbox 557 2070 742 2122; x_wconf 86' lang='lat' dir='ltr'>primum</span> <span class='ocrx_word' id='word_1_189' title='bbox 773 2070 1012 2124; x_wconf 83' lang='lat' dir='ltr'>Rytiphleae</span> <span class='ocrx_word' id='word_1_190' title='bbox 1042 2069 1225 2122; x_wconf 86' lang='lat' dir='ltr'>speciem</span> <span class='ocrx_word' id='word_1_191' title='bbox 1247 2068 1550 2120; x_wconf 75' lang='lat' dir='ltr'>considerasse,</span> <span class='ocrx_word' id='word_1_192' title='bbox 1582 2069 1656 2111; x_wconf 84' lang='lat' dir='ltr'>de-</span> 
     </span>
     <span class='ocr_line' id='line_1_26' title="bbox 125 2136 1657 2192; baseline 0.003 -16"><span class='ocrx_word' id='word_1_193' title='bbox 125 2149 241 2176; x_wconf 89' lang='lat' dir='ltr'>mum</span> <span class='ocrx_word' id='word_1_194' title='bbox 274 2136 511 2178; x_wconf 87' lang='lat' dir='ltr'>observatis</span> <span class='ocrx_word' id='word_1_195' title='bbox 543 2139 820 2192; x_wconf 86' lang='lat' dir='ltr'>cystocarpiis</span> <span class='ocrx_word' id='word_1_196' title='bbox 853 2144 894 2180; x_wconf 87' lang='lat' dir='ltr'>et</span> <span class='ocrx_word' id='word_1_197' title='bbox 926 2139 1131 2180; x_wconf 78' lang='lat' dir='ltr'>suadente</span> <span class='ocrx_word' id='word_1_198' title='bbox 1172 2137 1314 2180; x_wconf 84' lang='lat' dir='ltr'>forma</span> <span class='ocrx_word' id='word_1_199' title='bbox 1343 2137 1556 2180; x_wconf 85' lang='lat' dir='ltr'>fusiformi</span> <span class='ocrx_word' id='word_1_200' title='bbox 1587 2153 1657 2180; x_wconf 86' lang='lat' dir='ltr'>ra-</span> 
     </span>
     <span class='ocr_line' id='line_1_27' title="bbox 125 2203 1658 2260; baseline 0.003 -16"><span class='ocrx_word' id='word_1_201' title='bbox 125 2203 340 2245; x_wconf 88' lang='lat' dir='ltr'>mulorum</span> <span class='ocrx_word' id='word_1_202' title='bbox 372 2204 633 2247; x_wconf 78' lang='lat' dir='ltr'>Chondriani</span> <span class='ocrx_word' id='word_1_203' title='bbox 665 2207 843 2259; x_wconf 88' lang='lat' dir='ltr'>putavit.</span> <span class='ocrx_word' id='word_1_204' title='bbox 887 2208 1088 2247; x_wconf 86' lang='lat' dir='ltr'>Attamen</span> <span class='ocrx_word' id='word_1_205' title='bbox 1119 2206 1163 2247; x_wconf 91' lang='lat' dir='ltr'>in</span> <span class='ocrx_word' id='word_1_206' title='bbox 1194 2205 1274 2247; x_wconf 90' lang='grc'>1100</span> <span class='ocrx_word' id='word_1_207' title='bbox 1297 2220 1452 2260; x_wconf 86' lang='lat' dir='ltr'>genere</span> <span class='ocrx_word' id='word_1_208' title='bbox 1475 2206 1658 2260; x_wconf 89' lang='lat' dir='ltr'>speciem</span> 
     </span>
     <span class='ocr_line' id='line_1_28' title="bbox 127 2274 1658 2326; baseline 0.001 -11"><span class='ocrx_word' id='word_1_209' title='bbox 127 2274 182 2316; x_wconf 85' lang='lat' dir='ltr'>ab</span> <span class='ocrx_word' id='word_1_210' title='bbox 214 2274 410 2316; x_wconf 87' lang='lat' dir='ltr'>omnibus</span> <span class='ocrx_word' id='word_1_211' title='bbox 440 2274 565 2316; x_wconf 85' lang='lat' dir='ltr'>facile</span> <span class='ocrx_word' id='word_1_212' title='bbox 610 2274 856 2316; x_wconf 81' lang='lat' dir='ltr'>distinctam</span> <span class='ocrx_word' id='word_1_213' title='bbox 903 2274 1200 2326; x_wconf 85' lang='lat' dir='ltr'>consideravit,</span> <span class='ocrx_word' id='word_1_214' title='bbox 1232 2278 1275 2316; x_wconf 93' lang='lat' dir='ltr'>et</span> <span class='ocrx_word' id='word_1_215' title='bbox 1304 2278 1473 2316; x_wconf 87' lang='lat' dir='ltr'>tantum</span> <span class='ocrx_word' id='word_1_216' title='bbox 1504 2275 1658 2316; x_wconf 90' lang='lat' dir='ltr'>coloris</span> 
     </span>
     <span class='ocr_line' id='line_1_29' title="bbox 129 2342 1659 2397; baseline 0.001 -14"><span class='ocrx_word' id='word_1_217' title='bbox 129 2342 346 2396; x_wconf 86' lang='lat' dir='ltr'>quandam</span> <span class='ocrx_word' id='word_1_218' title='bbox 378 2343 703 2397; x_wconf 83' lang='lat' dir='ltr'>congruentiam</span> <span class='ocrx_word' id='word_1_219' title='bbox 736 2358 831 2384; x_wconf 87' lang='lat' dir='ltr'>cum</span> <span class='ocrx_word' id='word_1_220' title='bbox 862 2342 937 2385; x_wconf 85' lang='lat' dir='ltr'>Ch.</span> <span class='ocrx_word' id='word_1_221' title='bbox 968 2343 1136 2384; x_wconf 86' lang='lat' dir='ltr'>clavata</span> <span class='ocrx_word' id='word_1_222' title='bbox 1166 2343 1350 2397; x_wconf 86' lang='lat' dir='ltr'>prodere</span> <span class='ocrx_word' id='word_1_223' title='bbox 1372 2343 1493 2385; x_wconf 84' lang='lat' dir='ltr'>dixit.</span> <span class='ocrx_word' id='word_1_224' title='bbox 1558 2342 1659 2384; x_wconf 88' lang='lat' dir='ltr'>Cre-</span> 
     </span>
     <span class='ocr_line' id='line_1_30' title="bbox 129 2411 1658 2466; baseline 0.001 -14"><span class='ocrx_word' id='word_1_225' title='bbox 129 2411 230 2453; x_wconf 86' lang='lat' dir='ltr'>dere</span> <span class='ocrx_word' id='word_1_226' title='bbox 275 2411 422 2453; x_wconf 80' lang='lat' dir='ltr'>forsan</span> <span class='ocrx_word' id='word_1_227' title='bbox 467 2412 567 2453; x_wconf 89' lang='lat' dir='ltr'>licet</span> <span class='ocrx_word' id='word_1_228' title='bbox 612 2426 709 2453; x_wconf 88' lang='lat' dir='ltr'>eum</span> <span class='ocrx_word' id='word_1_229' title='bbox 754 2413 932 2454; x_wconf 89' lang='lat' dir='ltr'>ramulis</span> <span class='ocrx_word' id='word_1_230' title='bbox 979 2412 1273 2455; x_wconf 82' lang='lat' dir='ltr'>fusiformibus</span> <span class='ocrx_word' id='word_1_231' title='bbox 1318 2417 1361 2454; x_wconf 88' lang='grc'>01</span> <span class='ocrx_word' id='word_1_232' title='bbox 1405 2412 1658 2466; x_wconf 86' lang='lat' dir='ltr'>cystocarpii</span> 
     </span>
     <span class='ocr_line' id='line_1_31' title="bbox 130 2479 1657 2531; baseline 0.001 -11"><span class='ocrx_word' id='word_1_233' title='bbox 130 2479 268 2521; x_wconf 85' lang='lat' dir='ltr'>forma</span> <span class='ocrx_word' id='word_1_234' title='bbox 299 2484 424 2521; x_wconf 87' lang='lat' dir='ltr'>ovata</span> <span class='ocrx_word' id='word_1_235' title='bbox 454 2481 515 2521; x_wconf 88' lang='lat' dir='ltr'>ita</span> <span class='ocrx_word' id='word_1_236' title='bbox 546 2480 597 2521; x_wconf 86' lang='lat' dir='ltr'>de</span> <span class='ocrx_word' id='word_1_237' title='bbox 629 2480 837 2521; x_wconf 86' lang='lat' dir='ltr'>affinitate</span> <span class='ocrx_word' id='word_1_238' title='bbox 868 2495 964 2522; x_wconf 89' lang='lat' dir='ltr'>cum</span> <span class='ocrx_word' id='word_1_239' title='bbox 995 2480 1215 2522; x_wconf 85' lang='lat' dir='ltr'>Chondria</span> <span class='ocrx_word' id='word_1_240' title='bbox 1245 2480 1483 2522; x_wconf 86' lang='lat' dir='ltr'>convictum</span> <span class='ocrx_word' id='word_1_241' title='bbox 1516 2479 1657 2531; x_wconf 75' lang='lat' dir='ltr'>fuisse,</span> 
     </span>
     <span class='ocr_line' id='line_1_32' title="bbox 130 2547 1657 2602; baseline 0.001 -14"><span class='ocrx_word' id='word_1_242' title='bbox 130 2551 179 2589; x_wconf 91' lang='lat' dir='ltr'>ut</span> <span class='ocrx_word' id='word_1_243' title='bbox 208 2547 342 2601; x_wconf 87' lang='lat' dir='ltr'>ipsius</span> <span class='ocrx_word' id='word_1_244' title='bbox 374 2548 513 2589; x_wconf 88' lang='lat' dir='ltr'>nuclei</span> <span class='ocrx_word' id='word_1_245' title='bbox 545 2552 808 2590; x_wconf 84' lang='lat' dir='ltr'>structuram</span> <span class='ocrx_word' id='word_1_246' title='bbox 839 2548 1093 2602; x_wconf 88' lang='lat' dir='ltr'>penitiorem</span> <span class='ocrx_word' id='word_1_247' title='bbox 1124 2549 1371 2591; x_wconf 85' lang='lat' dir='ltr'>examinare</span> <span class='ocrx_word' id='word_1_248' title='bbox 1402 2548 1657 2602; x_wconf 83' lang='lat' dir='ltr'>neglexerit3</span> 
     </span>
     <span class='ocr_line' id='line_1_33' title="bbox 122 2616 1659 2671; baseline 0.001 -14"><span class='ocrx_word' id='word_1_249' title='bbox 122 2630 199 2658; x_wconf 87' lang='lat' dir='ltr'>nec</span> <span class='ocrx_word' id='word_1_250' title='bbox 230 2617 348 2658; x_wconf 91' lang='lat' dir='ltr'>enim</span> <span class='ocrx_word' id='word_1_251' title='bbox 380 2617 518 2658; x_wconf 89' lang='lat' dir='ltr'>nuclei</span> <span class='ocrx_word' id='word_1_252' title='bbox 552 2621 814 2659; x_wconf 85' lang='lat' dir='ltr'>structuram</span> <span class='ocrx_word' id='word_1_253' title='bbox 844 2617 1098 2671; x_wconf 88' lang='lat' dir='ltr'>penitiorem</span> <span class='ocrx_word' id='word_1_254' title='bbox 1131 2617 1296 2671; x_wconf 87' lang='lat' dir='ltr'>analysi</span> <span class='ocrx_word' id='word_1_255' title='bbox 1316 2616 1560 2668; x_wconf 79' lang='lat' dir='ltr'>illustravit,</span> <span class='ocrx_word' id='word_1_256' title='bbox 1583 2632 1659 2659; x_wconf 88' lang='lat' dir='ltr'>nec</span> 
     </span>
     <span class='ocr_line' id='line_1_34' title="bbox 123 2685 1660 2741; baseline 0 -14"><span class='ocrx_word' id='word_1_257' title='bbox 123 2686 300 2728; x_wconf 88' lang='lat' dir='ltr'>credere</span> <span class='ocrx_word' id='word_1_258' title='bbox 338 2687 438 2727; x_wconf 88' lang='lat' dir='ltr'>licet</span> <span class='ocrx_word' id='word_1_259' title='bbox 468 2688 738 2741; x_wconf 85' lang='lat' dir='ltr'>cystocarpia</span> <span class='ocrx_word' id='word_1_260' title='bbox 768 2687 822 2728; x_wconf 87' lang='lat' dir='ltr'>ab</span> <span class='ocrx_word' id='word_1_261' title='bbox 853 2687 944 2740; x_wconf 86' lang='lat' dir='ltr'>ipso</span> <span class='ocrx_word' id='word_1_262' title='bbox 976 2687 1145 2728; x_wconf 87' lang='lat' dir='ltr'>nomine</span> <span class='ocrx_word' id='word_1_263' title='bbox 1177 2685 1414 2727; x_wconf 86' lang='lat' dir='ltr'>Keramidii</span> <span class='ocrx_word' id='word_1_264' title='bbox 1436 2685 1660 2739; x_wconf 88' lang='lat' dir='ltr'>designata</span> 
     </span>
     <span class='ocr_line' id='line_1_35' title="bbox 123 2755 1260 2808; baseline 0.001 -13"><span class='ocrx_word' id='word_1_265' title='bbox 123 2755 281 2807; x_wconf 81' lang='lat' dir='ltr'>fuisse,</span> <span class='ocrx_word' id='word_1_266' title='bbox 316 2755 350 2796; x_wconf 90' lang='lat' dir='ltr'>si</span> <span class='ocrx_word' id='word_1_267' title='bbox 381 2756 633 2808; x_wconf 90' lang='lat' dir='ltr'>penitiorem</span> <span class='ocrx_word' id='word_1_268' title='bbox 666 2759 927 2798; x_wconf 84' lang='lat' dir='ltr'>structuram</span> <span class='ocrx_word' id='word_1_269' title='bbox 960 2756 1260 2797; x_wconf 86' lang='lat' dir='ltr'>observaverit.</span> 
     </span>
    </p>

    <p class='ocr_par' dir='ltr' id='par_1_6' title="bbox 124 2821 1660 2947">
     <span class='ocr_line' id='line_1_36' title="bbox 244 2821 1660 2878; baseline 0.001 -14"><span class='ocrx_word' id='word_1_270' title='bbox 244 2824 388 2864; x_wconf 82' lang='lat' dir='ltr'>Pauca</span> <span class='ocrx_word' id='word_1_271' title='bbox 418 2824 614 2877; x_wconf 82' lang='lat' dir='ltr'>quaedam</span> <span class='ocrx_word' id='word_1_272' title='bbox 654 2823 920 2878; x_wconf 80' lang='lat' dir='ltr'>cystocarpia</span> <span class='ocrx_word' id='word_1_273' title='bbox 959 2824 1226 2865; x_wconf 86' lang='lat' dir='ltr'>observanda</span> <span class='ocrx_word' id='word_1_274' title='bbox 1263 2822 1406 2864; x_wconf 89' lang='lat' dir='ltr'>habui.</span> <span class='ocrx_word' id='word_1_275' title='bbox 1467 2821 1660 2866; x_wconf 86' lang='lat' dir='ltr'>Sectioue</span> 
     </span>
     <span class='ocr_line' id='line_1_37' title="bbox 124 2889 1659 2947; baseline 0.002 -16"><span class='ocrx_word' id='word_1_276' title='bbox 124 2892 248 2946; x_wconf 54' lang='lat' dir='ltr'>tenui</span> <span class='ocrx_word' id='word_1_277' title='bbox 280 2890 394 2932; x_wconf 85' lang='lat' dir='ltr'>facta</span> <span class='ocrx_word' id='word_1_278' title='bbox 417 2892 614 2934; x_wconf 88' lang='lat' dir='ltr'>nucleum</span> <span class='ocrx_word' id='word_1_279' title='bbox 636 2893 723 2935; x_wconf 85' lang='lat' dir='ltr'>fere</span> <span class='ocrx_word' id='word_1_280' title='bbox 744 2893 932 2947; x_wconf 82' lang='lat' dir='ltr'>Hypneae</span> <span class='ocrx_word' id='word_1_281' title='bbox 954 2892 1097 2934; x_wconf 87' lang='lat' dir='ltr'>videre</span> <span class='ocrx_word' id='word_1_282' title='bbox 1118 2891 1295 2934; x_wconf 88' lang='lat' dir='ltr'>credidi.</span> <span class='ocrx_word' id='word_1_283' title='bbox 1336 2889 1659 2946; x_wconf 86' lang='lat' dir='ltr'>Cystocarpium</span> 
     </span>
    </p>
   </div>
  </div>
 </body>
</html>
