1762 3036
83 118 327 172 Giyartioem.
673 113 953 156 GIGARTINEAE.
1537 113 1616 154 189

195 245 294 272 vare
338 233 481 270 tamen
529 228 650 269 lubet
696 226 886 275 cellulas,
920 240 1015 280 quae
1048 226 1102 267 ad
1134 227 1156 267 b
1188 227 1232 268 in
1262 227 1349 268 tab.
1395 226 1615 279 K'utzingii

197 299 500 352 depinguntur,
532 297 594 337 ita
624 296 889 337 abnormiter
926 295 1158 348 dispositas
1204 309 1307 344 esse,
1340 298 1387 335 ut
1419 308 1494 335 nec
1526 294 1613 347 Hy-

194 365 471 407 menocladiae
504 378 579 405 nec
612 363 909 419 Rhodoglossi,
942 377 1018 404 nec
1050 363 1227 404 alterius
1263 363 1469 405 Florideae
1500 377 1615 416 gem-

193 434 326 475 midia
356 434 399 474 in
431 432 497 474 his
529 446 763 486 agnoscere
794 431 971 472 valeam.

80 644 258 694 XXXVI.
296 646 578 694 GIGARTINA
615 654 661 696 J.
693 654 773 707 Ay.
819 652 916 706 Alps.
964 653 1069 694 med.
1114 657 1150 693 et
1198 652 1268 706 Sp.
1317 654 1414 707 Aly.
1442 655 1617 707 12260.

195 722 570 778 Chondrodietyon,
589 723 912 775 Mastommms,
933 721 1220 773 sareothaha,
1239 721 1619 766 Chondroelom'um

194 794 233 832 et
263 790 507 845 Giyartime
539 805 599 845 sp.
632 791 758 832 Kiitz.

87 920 222 960 Frons
256 919 715 973 gelatinoso-carnosa,
748 917 879 971 plana
905 921 980 959 aut
1000 917 1287 972 cylindracea,
1310 919 1426 960 varie
1449 933 1620 962 ramosa

196 987 354 1041 saepius
386 1001 647 1041 magnopere
680 986 984 1040 decomposita,
1017 987 1166 1028 stratis
1198 986 1366 1028 duobus
1398 992 1617 1040 contexta3

195 1057 401 1097 interiore
433 1055 599 1097 cellulis
631 1055 914 1110 cylindraceis
944 1054 1041 1096 laxe
1081 1055 1342 1097 reticulatim
1375 1061 1619 1099 anastomo-

197 1124 408 1173 santibus3
443 1124 656 1165 exteriore
687 1123 771 1164 filis
802 1122 1080 1165 verticalibus
1112 1122 1473 1166 moniliformibus
1496 1139 1619 1166 muco

197 1193 479 1235 solidescente
511 1192 710 1235 cohibitis
750 1196 985 1234 constante.
1048 1191 1331 1246 Cystocarpia
1361 1193 1477 1235 intra
1508 1195 1621 1247 peri-

198 1263 392 1316 carpium
425 1264 665 1311 externum,
698 1260 870 1302 demum
903 1261 1021 1314 apice
1054 1264 1242 1314 ruptum,
1275 1260 1475 1302 nucleum
1507 1276 1621 1303 com-

198 1332 397 1385 positum,
445 1330 576 1384 plexu
622 1329 831 1384 peculiari
877 1330 1090 1371 ambiente
1136 1330 1373 1372 cohibitum
1419 1330 1621 1378 foventia:

201 1399 387 1441 nucleoli
418 1399 502 1440 filis
534 1398 858 1453 placentaribus
890 1398 1153 1439 reticulatim
1189 1399 1478 1441 ambientibus
1517 1400 1623 1440 invi-

197 1482 287 1510 cem
320 1468 524 1517 distincti,
557 1467 780 1509 rotundati
826 1467 1058 1521 gemmidia
1102 1468 1320 1520 pauciora,
1367 1468 1622 1509 rotundato-

197 1536 419 1589 angulata,
451 1537 540 1577 sine
573 1535 722 1578 ordine
768 1535 996 1589 conspicuo
1042 1536 1297 1588 conglobata
1343 1537 1623 1578 continentes

203 1607 518 1660 Splacerosporae
550 1606 592 1647 in
625 1620 744 1648 soros
776 1605 891 1646 infra
922 1605 1191 1659 superficiem
1213 1606 1436 1648 immersos
1459 1607 1623 1648 ambitu

200 1675 529 1718 subindefinitos
561 1679 604 1716 et
633 1674 731 1728 plus
764 1675 903 1716 minus
935 1679 1133 1716 extensos
1164 1674 1367 1726 collectae,
1397 1675 1485 1716 fere
1508 1674 1625 1716 nullo

199 1746 348 1788 ordine
380 1745 607 1798 conspicuo
638 1748 864 1798 congestae,
888 1744 1132 1786 rotundatae
1155 1748 1197 1786 et
1218 1744 1441 1786 cruciatim
1465 1744 1624 1785 divisae.

200 1871 345 1912 Genus
376 1870 627 1923 Gigartinae,
661 1874 710 1911 ut
754 1870 883 1911 hodie
928 1871 1159 1924 cognitum,
1207 1871 1417 1924 plurimas
1463 1870 1625 1924 species

87 1940 397 1994 complectitur,
432 1939 597 1986 habitu,
631 1939 912 1993 dispositione
943 1943 986 1981 et
1016 1943 1236 1981 structura
1266 1940 1485 1982 fructuum
1516 1941 1624 1981 invi-

88 2023 179 2050 cem
224 2007 444 2062 paulisper
490 2008 693 2053 diversas,
726 2022 793 2050 me
820 2008 964 2062 judice
997 2008 1064 2050 vix
1095 2009 1139 2049 in
1171 2008 1341 2051 diversa
1373 2023 1532 2064 genera
1563 2009 1627 2050 di-

91 2076 323 2125 vellendas,
356 2076 499 2117 saltim
531 2076 586 2117 ad
617 2076 902 2125 characteres,
943 2090 1050 2130 quos
1096 2077 1364 2119 diversorum
1409 2078 1626 2120 Generum.

90 2145 343 2193 attulerunt,
374 2144 419 2184 in
451 2144 642 2186 naturali
674 2144 953 2198 dispositione
984 2145 1053 2186 vix
1085 2145 1360 2187 ordinandas.
1401 2145 1627 2200 Cystocar-

90 2214 172 2267 piis
204 2213 301 2267 plus
332 2213 472 2253 minus
513 2216 636 2254 extra
679 2212 876 2254 frondem
922 2213 1242 2267 emergentibus
1274 2218 1350 2255 aut
1380 2215 1423 2255 in
1454 2214 1627 2268 papillis

91 2281 262 2323 omnino
293 2281 469 2322 emersis
500 2281 849 2334 provenientibus
872 2281 927 2323 ab
949 2281 1117 2333 Iridaea,
1150 2280 1351 2324 Chondro
1384 2287 1426 2324 et
1455 2282 1628 2324 Rhodo-

91 2350 233 2404 glosso
281 2350 602 2403 dignoscantur.
678 2350 996 2404 Spliaerosporae
1044 2351 1208 2393 Iridaeae
1255 2356 1355 2393 sunt
1398 2351 1488 2393 fere
1535 2353 1627 2405 ipso

93 2423 228 2460 strato
273 2418 441 2459 interno
478 2418 704 2469 immersae,
745 2420 852 2462 soris
885 2421 940 2462 ab
972 2424 1154 2474 utraque
1185 2422 1346 2476 pagina
1381 2421 1471 2463 fere
1508 2435 1629 2475 aeque

93 2486 370 2529 distantibus.
430 2486 479 2526 In
511 2486 741 2539 Gigartina
778 2492 878 2530 sunt
923 2489 1009 2530 sori
1054 2489 1192 2543 magis
1238 2489 1541 2542 superficiales,
1586 2490 1630 2530 in

93 2555 232 2609 spatio
263 2554 377 2595 inter
410 2557 595 2596 stratum
626 2556 844 2598 internum
876 2560 918 2598 et
955 2557 1157 2599 corticale
1196 2557 1458 2608 nidulantes,
1490 2558 1534 2598 in
1565 2558 1628 2599 di-

93 2624 228 2666 versis
260 2635 359 2664 vero
390 2623 612 2675 speciebus
650 2638 762 2666 nunc
800 2625 1056 2678 profundius
1094 2629 1279 2667 stratum
1317 2626 1534 2667 internum
1565 2627 1628 2667 in-

96 2690 403 2746 gredientibUS,
436 2705 548 2731 nunc
580 2706 729 2734 versus
769 2694 972 2735 corticale
1015 2694 1389 2735 adscendentibus.
1449 2694 1498 2735 In
1529 2709 1629 2748 pro-

94 2763 223 2800 ventu
253 2762 296 2800 et
325 2758 465 2799 forma
494 2761 860 2814 cystocarpiorum
906 2761 1001 2802 aliae
1047 2762 1205 2803 adsunt
1235 2761 1503 2810 differentiae,
1536 2777 1631 2816 quse

97 2826 359 2870 sectionibus
394 2827 563 2879 generis
594 2832 719 2870 notas
766 2829 949 2882 optimas
994 2829 1188 2882 praebere
1234 2830 1338 2870 mihi
1384 2831 1483 2871 visae
1521 2835 1632 2873 sunt.
