1757 3114
127 111 207 152 258
738 109 1064 152 DUMONTIAOEAE.
1361 108 1660 152 Halosacciovz.

129 225 342 267 manibus.
383 224 504 265 Inter
526 223 728 277 plurima,
761 236 856 277 quae
888 223 1204 274 observaverat,
1237 223 1471 276 specimina
1502 223 1662 275 specie-

130 307 227 334 rum
258 293 528 334 (liversarum
559 293 733 334 unicum
764 296 935 333 tantum
967 290 1273 345 capsuliferum
1305 292 1449 333 videre
1471 292 1509 332 ei
1530 292 1664 332 conti—

129 362 205 413 git.
266 360 545 415 Cystocarpia
574 360 717 402 frondi
747 361 952 400 immersa
973 364 1242 413 carpostomo
1266 360 1432 401 minuto
1453 360 1667 400 instructa

131 430 377 483 (lescripsit3
410 430 643 484 genimidia
674 443 814 483 pauca
844 429 887 470 in
920 429 1114 481 singulis.
1155 429 1220 471 Ex
1250 430 1302 471 iis
1323 443 1435 481 vero,
1460 441 1554 482 quae
1587 441 1667 469 cae-

131 504 272 541 terum
303 499 355 539 de
386 501 608 540 structura
638 496 905 551 Cystocarpii
937 497 1057 544 dixit,
1090 496 1251 538 frustra
1272 496 1376 550 quid
1407 495 1594 550 quaesivi,
1618 509 1670 537 ex

131 582 216 622 quo
247 567 354 608 mihi
385 567 565 619 contigit
596 567 648 608 (le
687 565 894 607 affinitate
935 565 1114 607 Generis
1160 566 1320 606 certius
1364 569 1566 606 statuere.
1625 562 1670 604 Si

132 635 448 689 Ruprechtium
478 636 560 677 rite
591 636 867 688 interpretor,
898 633 1205 688 Rhodynieniae
1228 633 1429 687 palmatae
1461 632 1667 674 Halosac-

132 704 226 745 cion
256 704 502 757 proximum
527 704 714 758 judicat3
763 702 867 757 quin
912 703 1043 743 immo
1089 702 1289 744 dubitare
1326 701 1496 743 videtur
1527 715 1583 742 an
1613 700 1668 741 ad

130 773 245 814 idem
277 773 420 814 Genus
478 771 738 814 referantur.
800 770 1106 824 Rhodymeniae
1146 770 1348 823 palmatae
1394 784 1493 811 vero
1531 774 1670 811 struc-

132 846 275 882 turam
321 840 578 895 cystocarpii
623 840 786 890 tribuit,
827 852 921 892 quae
954 842 1124 879 tantum
1155 839 1363 880 abhorret
1393 852 1419 879 a
1450 842 1670 879 structura

132 909 391 963 cystocarpii
436 912 691 950 caeterarum
736 907 1049 959 Florideamun,
1082 910 1130 947 ut
1168 920 1224 947 an
1258 920 1357 948 vere
1402 908 1672 962 cystocarpia

133 979 218 1019 sint
249 991 414 1031 organa
445 991 471 1018 a
492 976 755 1031 Ruprechtio
787 976 1027 1023 observata,
1050 975 1155 1016 mihi
1178 975 1470 1029 maximopere
1492 975 1672 1018 dubium

133 1047 356 1101 adpareat.

248 1115 482 1169 Ruprecht,
515 1115 590 1168 qui
622 1114 785 1167 species
817 1113 997 1156 Generis
1028 1113 1072 1154 in
1111 1113 1220 1154 duas
1260 1113 1482 1163 sectiones,
1515 1113 1673 1154 nostris

135 1184 341 1238 analogas
373 1184 597 1237 disposuit,
629 1187 790 1237 praeter
820 1183 1118 1225 characterem
1149 1184 1311 1231 formae„
1344 1183 1479 1224 alium
1512 1184 1555 1224 in
1587 1183 1674 1224 (lis—

135 1253 348 1307 positione
381 1252 779 1306 sphaerosporarum
811 1252 1011 1305 positum,
1044 1265 1195 1305 nempe
1225 1252 1270 1292 in
1298 1251 1522 1304 speciebus
1543 1250 1674 1292 Halo-

137 1322 267 1363 saccii
313 1321 637 1375 sphaerosporas
668 1321 712 1361 in
758 1320 898 1374 plagis
944 1320 1292 1373 circumscriptis,
1338 1320 1382 1361 in
1428 1319 1677 1361 Halocoelia

143 1389 399 1444 (Halosolen
430 1389 587 1445 Rupr.)
618 1388 808 1442 undique
839 1388 1058 1441 dispersas
1088 1388 1261 1429 indicat.

140 1472 176 1512 1.
207 1470 503 1512 HALosAocioN
539 1469 778 1524 frondibus
823 1469 1012 1510 obovatis
1057 1468 1405 1522 subsimplioibus
1447 1470 1676 1522 massariis,

253 1553 364 1581 mmo
394 1554 421 1581 a
444 1539 605 1593 fronde
635 1541 799 1580 vetusta
825 1537 1179 1592 prolificamibus.

142 1622 176 1661 1.
209 1619 260 1660 Η.
292 1620 498 1660 ῈΠΟΙΟΟῙ,Α
531 1617 672 1672 (Post.
704 1621 741 1659 et
773 1616 909 1669 Rupr.
953 1617 1123 1659 Illustr.
1146 1631 1194 1669 p.
1228 1618 1299 1672 19)
1337 1616 1562 1659 frondibus
1598 1630 1678 1658 cae-

254 1687 426 1741 spitosis
473 1686 740 1740 simplicibus
786 1686 1000 1728 obconicis
1042 1686 1382 1727 membranaceis
1414 1689 1456 1727 et
1494 1687 1679 1728 exsicca-

254 1756 370 1797 tione
417 1754 745 1801 collabentibus„
791 1754 958 1795 inferne
1003 1754 1047 1794 in
1093 1754 1283 1807 stipitem
1319 1754 1492 1795 brevem
1523 1754 1679 1796 sensim

255 1824 505 1866 attenuatis.
537 1823 582 1865 J.
617 1822 698 1877 Ay.
734 1814 805 1876 Sp.
829 1838 876 1876 p.
909 1823 1002 1864 358.

312 1893 406 1934 Hal.
440 1892 622 1934 fucicola
655 1892 792 1945 Rupr.
825 1892 922 1947 Azy.
959 1891 1096 1935 Ochot.
1128 1893 1174 1934 m
1204 1895 1334 1934 anim.
1365 1895 1455 1934 sub.
1486 1893 1529 1948 ἕ.
1564 1894 1614 1933 15
1644 1895 1682 1934 et

362 1975 467 2014 pay.
501 1962 593 2002 293.

317 2029 550 2070 Dumontia
581 2029 780 2070 Fucicola
822 2029 936 2071 Post.
968 2031 1005 2070 et
1037 2028 1174 2081 Rupr.
1208 2028 1233 2069 Z.
1265 2042 1296 2069 c.
1329 2028 1411 2069 tab.
1444 2029 1496 2070 35
1517 2029 1594 2083 fiy.
1626 2029 1680 2070 A.

373 2100 411 2138 et
441 2098 523 2138 tab.
559 2097 646 2139 XL
666 2098 742 2151 fiy.
775 2097 828 2138 80
860 2100 901 2137 et
932 2097 997 2137 81.

317 2165 603 2206 Halosaccion
648 2168 865 2206 saccatum
916 2165 1046 2206 Kiitse.
1093 2164 1174 2206 tab.
1227 2164 1361 2218 Phyle.
1422 2164 1509 2207 Vol.
1559 2165 1688 2207 XVI

379 2234 462 2275 tab.
496 2233 576 2273 78?

316 2301 368 2342 H.
400 2300 600 2341 radicalis
635 2300 687 2342 R.
720 2303 758 2341 et
787 2299 845 2341 H.
879 2300 1161 2352 decapitatmn
1206 2299 1319 2341 Post.
1352 2304 1389 2342 et
1421 2300 1558 2353 Rupr.
1590 2301 1681 2356 (fid.

375 2368 507 2422 Rupr.
538 2368 565 2409 l.
597 2369 652 2423 c.)
687 2368 816 2409 Kane.
850 2368 933 2409 tab.
970 2367 1098 2421 Phgyc.
1145 2367 1231 2409 Vol.
1267 2368 1395 2410 XVI
1419 2369 1501 2410 tab.
1534 2370 1597 2410 79.

263 2437 370 2479 Hab.
403 2437 446 2477 in
478 2436 648 2477 Oceano
679 2435 858 2489 pacifico
890 2436 1049 2477 arctico
1081 2435 1133 2477 ad
1168 2435 1359 2477 Sitcham
1382 2441 1424 2478 et
1445 2436 1682 2478 Unalasch-

414 2505 517 2546 kam
548 2505 679 2559 (Mus.
711 2504 881 2560 Petr.!).

150 2580 187 2618 2.
219 2576 269 2617 H.
302 2576 586 2616 HYDROPHORA
630 2574 773 2628 (Post.
804 2577 841 2615 et
887 2574 1023 2627 Rupr.
1070 2575 1237 2616 Illustr.
1261 2588 1306 2627 p.
1341 2575 1412 2630 19)
1457 2574 1682 2616 frondibus

263 2644 473 2698 gregariis
505 2643 771 2697 simplicibus
812 2656 923 2683 nunc
955 2656 976 2683 e
1008 2642 1159 2684 fronde
1208 2643 1424 2685 adultiore
1469 2643 1684 2696 proliferis

267 2711 672 2765 elliptico-obovatis
719 2711 1373 2760 subeoriaceo-membranaceis,
1418 2711 1462 2751 in
1495 2711 1684 2764 stipitem

266 2780 599 2822 subdistinctum
631 2781 804 2822 brevem
836 2779 1065 2832 abruptius
1097 2781 1367 2822 abeuntibus.

324 2849 446 2889 Dum.
480 2848 768 2902 Hydrophora
810 2848 922 2890 Post.
964 2852 1001 2889 et
1042 2848 1176 2901 Rupr.
1217 2848 1242 2889 l.
1275 2863 1306 2890 c.
1345 2848 1426 2890 tab.
1459 2848 1510 2889 35
1544 2849 1608 2900 Hy.
1641 2846 1685 2889 G.
