1757 3114
94 131 350 175 Laurencia.
744 126 1010 170 CHONDRIEAE.
1547 131 1626 172 645

206 245 324 299 vagis
355 257 700 299 quoquoversum
731 242 985 285 exeuntibus
1017 242 1170 285 eximie
1191 243 1452 297 patentibus,
1476 243 1624 285 inferi-

157 362 161 364 *
205 314 350 356 oribus
389 313 661 363 subalternis,
702 311 996 365 superioribus
1028 324 1141 365 saepe
1188 311 1445 363 secundatis,
1491 312 1624 354 fertili

205 382 507 433 subconformi,
538 381 670 423 ramis
710 380 1032 434 sphaerosporas
1063 379 1299 422 ferentibus
1330 380 1624 433 subpinnatim

203 451 422 505 dispositis
454 450 573 504 apice
611 450 851 492 incrassato
888 448 1080 498 clavatis,
1112 448 1360 490 keramidiis
1392 448 1446 490 ad
1477 462 1624 490 ramu-

203 519 265 562 los
298 519 657 574 antepenultimos
696 517 950 559 lateralibus
997 518 1432 572 ovato-subglobosis.
1463 517 1509 561 J.
1541 517 1622 572 Ay.

205 589 239 633 S
269 624 276 630 .
341 623 347 630 .
378 591 400 629 7
408 590 472 630 45.

201 603 335 711 HZzibP
343 669 397 710 ad
428 668 531 710 Nov.
563 667 837 710 Hollandiam
869 667 1106 709 australem
1138 671 1180 709 et
1212 667 1530 711 occidentalem.

175 748 326 784 Sterilis
352 761 372 783 a
404 749 448 784 L.
480 748 653 784 Forsteri
678 747 902 792 quibusdam
928 747 1058 782 formis
1093 759 1195 793 aegre
1228 748 1494 794 dignoscatur3
1526 749 1622 783 benc

85 809 300 851 praeparata
325 809 363 840 et
390 808 491 841 statu
520 805 747 851 capsulifero
775 808 833 839 sat
852 805 1003 839 diversa
1027 804 1120 838 mihi
1138 805 1328 849 adparuit.
1364 805 1452 850 Quae
1472 805 1623 841 nomine

85 864 127 899 L.
153 864 407 899 heterocladae
434 862 545 899 vara?
571 865 639 898 sub
666 876 726 898 n:o
759 864 824 897 235
861 862 1060 897 distribuit
1098 863 1305 908 specimina
1340 863 1505 909 Harvey,
1531 863 1624 898 mihi

84 923 149 955 aut
175 921 221 955 ad
247 922 290 955 L.
317 921 488 956 Forsteri
515 924 578 954 aut
605 921 650 955 ad
676 922 718 955 L.
746 920 960 955 filiformem
985 920 1187 954 referenda
1205 921 1483 965 adparuerunt;
1512 921 1623 956 steri—

82 977 134 1012 lia
159 981 285 1012 tamen
312 980 460 1011 tantum
487 977 578 1012 vidi.
611 977 685 1012 Cfr.
715 989 796 1021 quae
825 978 870 1011 de
897 977 938 1011 L.
967 977 1228 1012 heterocladia
1253 978 1351 1012 infra
1377 978 1469 1012 dixi.
1517 978 1624 1013 Inter

81 1035 198 1080 Algas
227 1033 482 1078 Ceylonenses
509 1035 577 1069 sub
603 1046 664 1069 n:o
690 1035 735 1068 20
758 1034 909 1078 Harvey
934 1035 1103 1079 plantam
1141 1034 1353 1079 distribuit,
1391 1046 1502 1079 quam
1526 1035 1623 1069 Lau-

81 1091 222 1126 renciae
249 1103 304 1136 sp.
332 1103 464 1126 novam
491 1092 688 1126 indicavit.
724 1092 814 1126 Haec
838 1092 931 1127 mibi
958 1092 1000 1126 L.
1027 1091 1193 1127 filiformi
1220 1092 1432 1137 propinqua
1458 1093 1622 1139 videtur,

82 1149 215 1183 fronde
241 1160 458 1193 compressa
477 1151 515 1183 et
533 1149 822 1192 ramiiicatione,
844 1148 875 1183 si
892 1149 982 1193 quid
1000 1149 1124 1193 video,
1144 1149 1309 1183 disticha
1334 1149 1621 1195 distinguenda.

83 1206 224 1242 Nostra
249 1208 374 1239 autem
400 1217 475 1240 non
500 1207 597 1240 bene
625 1205 834 1249 reviviscit,
860 1205 916 1240 ita
940 1211 982 1240 ut
1008 1207 1053 1240 de
1081 1209 1276 1241 structura
1299 1207 1469 1241 incertus
1497 1219 1590 1242 sum.

83 1302 120 1342 2.
152 1301 198 1342 L.
231 1299 434 1340 Fonsrnnr
465 1298 608 1352 (Effert.
640 1299 786 1353 mser.)
823 1311 948 1340 rosea
983 1299 1518 1341 carnoso-membranacea
1548 1300 1621 1341 de-

190 1383 311 1411 mum
353 1368 729 1421 subcartilaginea,
776 1367 928 1409 fronde
974 1368 1100 1409 tereti
1144 1367 1335 1408 filiformi
1380 1367 1623 1411 dichotoma

194 1441 270 1479 aut
300 1436 421 1478 caule
453 1436 609 1478 sensim
640 1435 826 1478 formato
867 1436 1080 1489 pinnatim
1117 1449 1302 1487 ramosa,
1336 1437 1468 1477 ramis
1502 1438 1620 1491 vagis

193 1518 539 1559 quoquoversum
571 1504 827 1546 exeuntibus
859 1503 1336 1555 clavato-filiformibus,
1365 1503 1497 1546 fertili
1519 1506 1620 1548 sub-

194 1572 414 1623 conformi,
448 1573 578 1614 ramis
611 1573 933 1626 sphaerosporas
954 1572 1195 1614 foventibus
1218 1574 1338 1626 apice
1360 1573 1620 1616 incrassato-

193 1641 384 1691 clavatis,
430 1640 681 1682 keramidiis
733 1640 848 1681 infra
893 1641 1034 1694 apices
1086 1641 1352 1682 ramulorum
1398 1643 1619 1685 sessilibus

193 1724 364 1751 sursum
394 1709 602 1762 porrectis
633 1723 752 1751 ramo
783 1709 1000 1762 adpressis
1033 1710 1425 1752 ovato-urceolatis.
1458 1710 1504 1753 J.
1536 1711 1617 1765 Ay.

195 1777 266 1830 Sp.
291 1791 337 1830 p.
370 1778 463 1818 744.
499 1778 629 1819 Kio'te.
661 1778 744 1819 tab.
781 1777 909 1830 Playe.
955 1777 1043 1819 Vol.
1079 1777 1178 1819 XV
1201 1778 1284 1820 tab.
1318 1780 1382 1828 46,
1416 1780 1464 1820 47
1489 1784 1532 1821 et
1553 1781 1619 1821 48.

195 1847 338 1889 Fucus
372 1846 566 1888 Forstera·
598 1846 727 1888 Mers.
759 1848 805 1888 in
841 1846 973 1888 Turn.
1006 1846 1122 1888 Hist.
1155 1847 1236 1888 tab.
1270 1849 1334 1888 77.

341 1938 508 1980 Formae
539 1938 885 1992 distinguantur:

82 2035 120 2062 a.
153 2018 339 2060 TURNEffl
370 2018 521 2060 fronde
554 2019 894 2070 subdichotoma,
926 2019 1058 2061 ramis
1097 2020 1357 2073 patentibus,
1406 2022 1617 2074 supremis

192 2087 384 2129 furcatis.

81 2169 117 2210 b.
149 2181 420 2209 rAscrcuLATA
450 2167 604 2209 fronde
651 2168 991 2217 subdichotoma,
1038 2169 1170 2211 ramis
1209 2170 1513 2221 erectiusculis,
1547 2185 1616 2213 su-

192 2236 353 2290 premis
385 2236 656 2278 densioribus
687 2237 1292 2291 fasciculato-subfastigiatis

79 2332 111 2358 ο.
144 2329 397 2358 sussPINNATA
441 2316 573 2357 ramis
621 2318 856 2371 majoribus
908 2317 1249 2359 caulescentibus
1295 2317 1617 2361 sublateraliter

193 2385 386 2435 ramosis,
419 2384 597 2426 ramulis
630 2386 921 2439 superioribus
952 2386 1200 2439 patentibus
1230 2386 1511 2428 brevioribus.

79 2466 118 2507 cl.
150 2478 410 2506 PYRAMIDA'FA
441 2465 572 2506 ramis
605 2466 840 2521 majoribus
887 2466 1228 2508 caulescentibus
1273 2466 1514 2509 lateraliter
1544 2482 1615 2510 ra-

192 2533 332 2583 mosis,
366 2533 544 2574 ramulis
578 2535 870 2576 erectiusculis
902 2534 1228 2588 subfastigiatis.

191 2612 299 2654 Hab.
332 2612 387 2653 ad
418 2611 580 2654 Novam
611 2614 888 2657 Hollandiam
920 2615 1158 2656 australem
1189 2618 1232 2655 et
1263 2614 1583 2658 occidentalem.

168 2704 334 2749 Species,
359 2707 401 2738 ut
426 2704 531 2739 illam
548 2706 737 2753 intelligo,
756 2710 824 2743 sub
846 2707 1007 2742 diversis
1026 2707 1155 2742 formis
1175 2707 1397 2753 obveniens,
1423 2720 1514 2752 quas
1540 2710 1613 2745 alio

76 2762 186 2797 modo
225 2761 488 2797 distinxerunt
525 2763 670 2798 Sonder
696 2768 733 2799 et
759 2765 939 2811 Kiitzing,
966 2765 1079 2809 quod,
1106 2776 1188 2798 cum
1215 2765 1260 2799 de
1280 2765 1529 2800 varictatibus
1556 2767 1611 2800 lu-

76 2819 255 2854 dentibus
282 2818 422 2863 agitur‚
447 2819 556 2853 facile
582 2820 835 2867 intelligatur.
870 2823 956 2867 Ipse
982 2821 1222 2866 potissimum
1250 2833 1311 2856 eas
1337 2822 1390 2856 ita
1409 2823 1610 2868 disponen-

75 2876 141 2911 das
166 2876 310 2921 putavi,
328 2878 371 2911 ut
389 2876 718 2922 distinguerentur
736 2891 817 2923 quae
836 2879 875 2913 in
894 2878 1020 2913 affines
1040 2878 1185 2923 species
1211 2878 1373 2913 maxime
1392 2881 1609 2917 tenderent.
