1757 3114
124 113 205 154 388
748 113 1039 161 SQUAMARIEAE.
1339 113 1654 168 Peyssonnelia.

123 225 303 261 brevibus
345 224 592 260 verticalibus
630 226 866 268 contextum,
903 233 1062 267 quorum
1099 225 1250 260 articuli
1275 226 1411 261 breves
1449 225 1656 260 endochro-

123 285 225 318 mate
251 282 455 318 subcubico
479 281 671 316 instructi.
703 281 763 318 'In
789 280 829 316 P.
856 281 972 317 rubra
996 293 1086 316 vera
1112 284 1273 317 stratum
1310 283 1491 318 corticale
1529 285 1656 326 deest3

124 343 164 374 et
189 340 342 375 articuli
369 338 481 375 strati
507 339 776 374 adscendentis
804 341 893 373 sunt
917 339 1128 374 breviores.

124 438 161 480 8.
192 437 238 480 P.
269 430 489 479 AusTRALIs
520 435 672 490 (Sond.
702 436 749 478 in
788 435 916 478 Linn.
959 433 1048 476 Vol.
1079 436 1132 475 25
1154 449 1202 488 p.
1234 436 1335 493 685)
1375 437 1557 479 obscure
1588 450 1659 478 ca-

237 510 390 548 stanea
420 506 616 547 coriacea
646 503 963 554 lobato-incisa,
995 502 1193 557 lobisque
1225 505 1382 546 sensim
1412 505 1660 560 patentibus

236 573 473 626 flabellata,
501 574 613 616 lobis
645 573 826 627 singulis
858 564 1147 625 substipitatis
1180 587 1313 627 supia
1334 578 1561 616 cuneatam
1582 574 1660 617 ba-
1688 570 1694 576 ’

238 657 326 686 50111
357 643 756 708 subreniformibus
803 641 964 695 pagina
1007 640 1231 696 inferiore
1256 656 1440 699 superne
1471 646 1660 684 tomento
1696 662 1698 664 ’

237 712 423 754 evidenti
452 711 680 785 aequaliter
711 711 928 771 obducta>¹
941 709 1109 751 inferne
1140 714 1330 751 tomento
1354 701 1662 752 funicularitei

236 783 434 822 contorto
467 776 659 833 stuposa‚
688 775 784 833 ipso
822 779 1031 832 margine
1052 771 1217 820 frondis
1264 778 1519 832 nudiusculo
1566 793 1660 836 sur-

238 863 334 890 sum
365 849 658 900 subrevoluta,
690 848 838 889 stratis
878 847 1019 889 tribus
1051 829 1271 898 contexta3
1304 847 1588 889 decumbente
1619 851 1662 888 et

237 917 527 959 adscendente
572 917 656 958 filis
702 915 1077 958 subconformibus
1123 915 1391 958 tenuioribus
1446 916 1660 970 cylindra-

235 986 321 1028 0015
352 986 548 1028 articulis
580 986 793 1027 diametro
824 984 1224 1038 triplo-quadruplo
1255 984 1523 1038 longioribus
1555 985 1660 1025 arti-

236 1055 404 1106 culatis,
436 1054 520 1096 filis
552 1055 679 1096 strati
709 1053 926 1095 corticalis
957 1053 1234 1095 verticalibus
1280 1053 1469 1095 breviter
1499 1053 1660 1094 articu-

236 1123 350 1175 latis,
382 1123 578 1165 articulis
611 1123 867 1165 subcubicis.
903 1121 1041 1164 Harv.
1079 1121 1207 1175 Phyle.
1240 1125 1374 1163 austr.
1406 1121 1488 1163 tab.
1521 1122 1584 1163 81.

349 1193 459 1235 Hab.
492 1193 548 1235 ad
580 1207 678 1235 oras
711 1192 927 1234 australes
958 1192 1087 1234 Novae
1119 1191 1374 1235 Hollandiae.

213 1284 265 1320 Ut
289 1284 330 1319 P.
357 1285 558 1321 Gunniana
582 1283 624 1318 P.
651 1284 805 1319 rubram
831 1283 1016 1327 adspectu
1053 1282 1131 1317 fere
1168 1282 1301 1327 refert,
1337 1283 1392 1317 ita
1416 1283 1456 1317 P.
1483 1283 1661 1317 australis

56 1344 61 1351 ⁴
122 1342 249 1377 colore
288 1345 327 1377 et
363 1341 579 1377 substantia
610 1340 719 1375 firma
749 1340 790 1374 P.
819 1339 1083 1384 squamariam.
1133 1338 1174 1373 P.
1201 1340 1380 1374 australis
1413 1340 1571 1375 eandem
1597 1339 1661 1374 ha-

122 1400 189 1435 bet
215 1402 447 1435 structuram
473 1410 515 1433 ac
540 1398 581 1433 P.
609 1397 825 1440 Gunniana:
852 1400 891 1431 at
917 1400 1079 1431 stratum
1106 1397 1336 1432 decumbens
1374 1398 1494 1444 magis
1535 1397 1660 1432 evolu-

123 1459 205 1491 tum
231 1458 402 1492 seriebus
429 1457 654 1492 cellularum
679 1456 853 1501 pluribus
888 1454 1153 1500 superpositiS‚
1185 1466 1302 1499 usque
1327 1457 1414 1490 6—7
1443 1455 1535 1500 vidi,
1560 1466 1661 1501 saepe

122 1514 385 1550 constituitur.
438 1513 523 1548 Fila
549 1513 661 1548 strati
688 1511 951 1547 decumbentis
985 1514 1024 1545 et
1049 1511 1319 1546 adscendentis
1352 1515 1441 1546 sunt
1471 1512 1549 1546 fere
1575 1523 1661 1547 con-

122 1570 271 1616 formia,
309 1571 435 1607 omnia
471 1571 603 1605 tenuia
640 1569 895 1614 cylindracea,
933 1568 1106 1603 articulis
1144 1567 1329 1602 diametro
1367 1569 1484 1614 triplo
1510 1572 1549 1603 et
1573 1580 1661 1613 qua-

124 1628 260 1674 druplo
286 1628 543 1674 longioribus3
583 1629 747 1662 stratum
779 1625 959 1661 corticale
996 1624 1142 1671 pariter
1168 1626 1289 1670 adest,
1315 1625 1390 1660 filis
1416 1626 1662 1661 verticalibus

122 1687 391 1727 constitutum;
417 1686 529 1731 hujus
555 1685 619 1720 fila
644 1684 796 1731 gemina
821 1695 841 1718 a
867 1683 1029 1729 singulis
1061 1683 1254 1718 inferioris
1280 1684 1546 1728 provenientia
1570 1683 1661 1719 vidi.

122 1743 317 1780 Articulos
342 1745 477 1779 10—12
504 1742 767 1788 superpositos
793 1742 832 1775 in
859 1741 922 1776 filo
947 1741 1123 1776 verticali
1149 1742 1359 1777 numeravi.

213 1802 395 1838 Nostram
422 1801 588 1848 speciem
625 1812 709 1835 cum
746 1800 972 1845 Harveyana
1008 1799 1217 1834 identicam
1255 1811 1339 1835 0550
1377 1801 1551 1836 dubitare
1586 1812 1663 1836 non

123 1860 229 1904 licet,
255 1872 331 1896 non
357 1861 535 1895 obstante
563 1858 790 1893 diversitate
824 1860 1043 1900 structurae,
1070 1869 1152 1900 quae
1190 1861 1408 1902 comparata
1442 1857 1549 1893 icone
1579 1869 1662 1892 cum

123 1919 256 1951 nostra
282 1915 541 1962 descriptione
567 1915 701 1949 adesse
740 1913 928 1948 videatur.
978 1912 1114 1948 Utrum
1150 1914 1282 1958 planta
1316 1915 1543 1959 Harveyana
1579 1925 1662 1949 cum

125 1973 359 2008 Sonderiana
395 1971 610 2016 conveniat,
648 1970 742 2005 mihi
779 1970 904 2004 minus
941 1973 1088 2005 certum
1125 1971 1291 2006 videtur.
1342 1972 1416 2007 Sub
1443 1971 1594 2007 nomine
1620 1971 1661 2006 P.

124 2030 305 2064 australis
332 2029 555 2074 Areschoug
581 2028 621 2062 in
647 2028 731 2062 Act.
751 2027 884 2072 Upsal.
904 2028 995 2061 1854
1012 2027 1178 2072 speciem
1197 2028 1416 2074 descripsit,
1435 2040 1517 2073 quae
1536 2031 1662 2063 utrum

125 2087 284 2122 eandem
311 2087 477 2132 speciem
503 2097 550 2120 an
576 2085 616 2119 P.
643 2084 881 2119 Gunnianam
916 2087 1123 2130 spectaret,
1149 2085 1242 2119 mihi
1267 2097 1337 2120 nec
1363 2086 1496 2130 liquet.
1544 2086 1662 2121 Fron-

125 2145 212 2179 dem
237 2144 331 2180 villo
356 2144 586 2180 brevissimo
611 2153 731 2186 usque
763 2143 810 2176 ad
835 2142 1002 2176 medium
1034 2143 1225 2187 adnatam,
1257 2144 1487 2188 frondesque
1525 2146 1662 2189 praete-

124 2213 191 2236 rea
214 2213 352 2248 magna
377 2201 484 2246 copia
510 2199 824 2245 superimpositas
851 2202 889 2233 et
910 2198 1135 2234 ,imbricatas
1162 2200 1209 2234 de
1228 2212 1295 2234 sua
1311 2200 1410 2236 dixit
1425 2201 1660 2246 Areschoug.
1718 2199 1720 2201 ’

125 2258 341 2303 Specimina
366 2258 471 2293 nullo
497 2256 648 2292 nomine
675 2256 879 2300 instructa,
906 2256 953 2290 ad
979 2255 1083 2291 Port.
1122 2256 1277 2302 Phillip.
1316 2258 1428 2302 lecta,
1455 2259 1545 2294 olim
1568 2257 1662 2292 mihi

123 2315 231 2350 misit
255 2315 492 2360 Areschoug,
518 2324 601 2358 quae
628 2312 675 2347 ad
699 2312 740 2347 P.
767 2313 974 2347 australem
999 2313 1115 2347 Harv.
1142 2317 1246 2349 certe
1272 2314 1480 2359 pertinent.

127 2435 203 2477 ΙΙΙ.
235 2435 466 2477 BUNBURYA
487 2434 649 2488 fronde
679 2433 999 2475 membranacea
1029 2434 1153 2476 initio
1183 2435 1361 2485 adnata,
1392 2434 1557 2476 deinum
1577 2447 1662 2487 pro

231 2507 361 2557 parte
399 2503 647 2556 plerumque
689 2501 842 2553 soluta,
878 2504 1030 2544 stratis
1060 2503 1277 2545 subtribus
1307 2505 1560 2553 constituta;
1592 2503 1662 2545 de-

239 2572 447 2614 cumbente
464 2570 562 2624 filis
593 2569 1031 2612 diehotomo-ramosis
1061 2572 1238 2614 invicem
1267 2571 1605 2614 subdistantibus
1626 2575 1663 2613 et

239 2641 378 2681 ramis
409 2639 648 2681 intertextis
678 2638 838 2680 sensim
882 2638 1161 2690 eoaleseente;
1205 2640 1481 2682 adscendente
1523 2640 1663 2681 ramis

239 2708 453 2750 arcuatim
498 2706 852 2749 adscendentibus
895 2707 1064 2761 inferne
1094 2709 1344 2758 intertextis,
1374 2721 1555 2760 superne
1575 2721 1662 2760 pa-

239 2776 408 2818 rallelis
440 2775 689 2818 dichotomis
725 2775 992 2829 fastiyiatis,
1025 2777 1219 2820 omnibus
1248 2776 1510 2827 articulatis,
1554 2778 1654 2818 arti—

240 2845 349 2888 culis
380 2844 668 2887 adultioribus
699 2844 1138 2900 subetavoefornn'bus.
