1762 3036
75 113 340 168 Griffithsia.
515 158 519 165 .
712 110 952 153 CERAMIEAE.
1560 114 1609 154 61

75 227 365 269 siderantibus
395 225 663 267 involucrum
693 226 917 279 proprium
943 225 1035 279 jam
1056 226 1101 266 iu
1122 225 1196 267 Gr.
1217 225 1402 267 barbata
1424 227 1613 280 sphaero-

76 297 213 349 sporis
244 294 494 336 desiderari.
536 295 587 336 In
607 295 688 336 hac
721 295 859 348 specie
891 298 992 335 sunt
1024 295 1334 348 sphaerosporae
1355 294 1439 336 filis
1462 297 1614 337 arach-

75 365 238 406 noideis
259 364 372 405 circa
393 363 599 405 articulos
621 377 843 416 supremos
866 362 1133 404 verticillatis
1159 363 1405 405 insidentes.
1446 364 1495 404 ln
1518 363 1615 405 Cal-

73 433 166 474 lith.
199 431 446 487 thyrsoideo
477 431 622 486 (Thw.
654 435 692 473 et
722 431 880 482 Harv.)
911 430 986 471 fila
1017 431 1307 473 arachnoidea
1329 431 1403 473 Gr.
1426 434 1615 474 barbatae

73 502 242 552 adsunt,
275 504 320 541 at
351 501 438 542 alia
469 505 592 543 extra
637 500 959 554 sphaerosporas
1006 500 1265 541 verticillum
1307 499 1544 541 formantia
1574 505 1616 542 et

74 569 248 619 caduca,
281 570 369 611 alia
400 570 523 624 quasi
553 571 846 610 transmutata
877 570 918 608 et
939 566 1119 616 fertilia3
1152 569 1213 609 ita
1235 573 1284 609 ut
1305 568 1615 622 sphaerosporae

72 642 253 680 maturae
285 638 410 679 nudae
442 639 486 679 in
515 636 772 679 verticillum
804 636 1068 690 conjunctae:
1100 637 1170 678 vix
1201 637 1313 677 hanc
1344 637 1398 679 ob
1429 651 1518 678 rem
1542 638 1615 679 Gr.

73 707 303 749 barbatam
349 720 375 748 a
420 706 526 748 Call.
570 705 818 760 thyrsoideo
860 705 1059 758 generice
1106 704 1354 746 distinctam
1401 705 1616 747 haberem.

72 775 237 817 Eadem
266 776 356 817 fere
401 776 513 817 ratio
561 778 625 816 est
670 775 743 816 Gr.
789 774 959 815 monilis
999 777 1042 815 et
1079 775 1153 815 Gr.
1192 773 1339 827 ovahs,
1372 776 1407 816 si
1437 775 1616 816 invicem

72 848 394 898 comparantur.
452 843 503 884 In
534 843 607 885 Gr.
640 841 764 892 ovali,
797 842 832 883 si
865 841 1063 896 analysin
1095 856 1121 882 a
1150 842 1322 897 Harvey
1353 843 1502 884 datam
1534 844 1616 884 rite

71 913 335 966 interpretor
367 912 479 967 (ipse
510 915 681 953 tantum
712 909 891 951 favellas
923 910 1040 966 vidi),
1074 915 1175 951 sunt
1194 910 1269 952 fila
1289 912 1456 953 minuta
1477 912 1616 965 sphae—

71 980 347 1034 rosporifera,
380 994 475 1034 quae
506 980 549 1020 in
580 979 661 1020 hac
692 979 834 1032 specie
880 982 980 1020 sunt
1025 979 1215 1032 plurima
1259 981 1375 1022 circa
1419 981 1618 1035 genicula

71 1049 342 1097 verminat-a,
375 1063 460 1090 non
490 1049 553 1089 ita
584 1048 756 1089 diversa
786 1052 834 1088 ut
870 1047 957 1088 alia
993 1047 1255 1103 (exteriora)
1294 1049 1460 1090 sterilia
1497 1050 1616 1091 invo-

71 1118 241 1159 lucrum
273 1118 468 1167 efficiant,
502 1116 589 1158 alia
627 1116 950 1170 sphaerosporas
995 1122 1216 1169 generant,
1266 1117 1339 1159 sed
1379 1118 1523 1159 omnia
1554 1120 1616 1174 (P)

72 1188 192 1241 apice
209 1185 604 1241 spliaerosporifera.
636 1186 685 1226 In
701 1185 775 1227 Gr.
794 1185 942 1227 monili
964 1190 1065 1227 sunt
1086 1185 1173 1227 alia
1194 1185 1267 1226 fila
1288 1186 1617 1241 involucrantia,

71 1258 160 1299 alia
190 1258 310 1312 apice
341 1255 741 1311 sphaerosporifera3
774 1257 869 1310 quis
902 1260 1048 1297 autem
1079 1256 1190 1297 hanc
1223 1257 1275 1298 ob
1308 1271 1400 1298 rem
1423 1257 1500 1298 has
1522 1271 1617 1311 spe-

72 1328 157 1368 cies
189 1327 233 1367 in
264 1327 435 1368 diversa
465 1338 626 1379 genera
656 1325 947 1366 distraheret?
1003 1324 1077 1366 Sin
1109 1325 1161 1366 de
1193 1339 1349 1379 genere
1380 1326 1454 1366 (ἢ.
1487 1324 1618 1367 ovalis

71 1395 193 1437 nulla
223 1399 429 1436 maneant
460 1394 600 1441 dubia,
632 1407 688 1434 an
719 1394 855 1448 magis
879 1394 931 1435 de
954 1392 1129 1435 Callith.
1152 1393 1421 1447 licmophoro
1444 1398 1486 1435 et
1507 1393 1617 1441 aliis,

73 1478 181 1517 quas
214 1463 384 1517 Harvey
416 1461 777 1504 Griffithsioideas
816 1463 977 1514 specics
1025 1463 1300 1516 nuncupavit,
1334 1463 1618 1504 dubitandum

74 1533 154 1575 sit?
185 1533 236 1574 In
269 1531 466 1586 geniculo
498 1531 642 1582 fertili,
666 1531 901 1572 introrsum
924 1530 1180 1584 prominulo„
1204 1531 1359 1572 harum
1381 1530 1618 1584 specierum

73 1600 147 1642 fila
178 1601 347 1642 minuta
377 1599 634 1653 proveniunt
679 1599 800 1652 apice
847 1600 1011 1652 pariter
1056 1598 1452 1652 spliaerosporifera,
1498 1599 1619 1640 initio

26 1695 36 1704 -
74 1671 258 1724 singula,
291 1669 389 1711 dein
421 1668 677 1710 lateralibus
709 1667 993 1709 descendente
1025 1667 1174 1709 ordine
1206 1667 1385 1709 evolutis
1417 1671 1553 1717 terna,
1578 1671 1620 1708 et

74 1740 133 1781 sic
163 1754 306 1793 porro,
339 1739 511 1780 demum
542 1736 806 1778 fasciculata.
839 1763 891 1767 —-
924 1734 1208 1777 Characteres
1248 1737 1395 1790 itaque
1426 1736 1618 1778 Griffith-

74 1809 147 1849 siae
194 1807 414 1861 paulisper
460 1806 588 1847 hodie
634 1805 832 1846 mutandi
878 1804 982 1846 mihi
1029 1805 1247 1856 videntum
1294 1819 1429 1859 genus
1475 1805 1619 1859 quoad

74 1877 397 1930 sphaerosporas
420 1890 445 1916 a
466 1874 773 1916 Callithamnio
806 1873 951 1915 differt
980 1874 1121 1915 minus
1144 1862 1376 1928 praesentia
1398 1874 1618 1924 involucri,

74 1945 155 1986 hoc
176 1948 241 1987 est
261 1944 401 1987 forma
423 1944 596 1998 ‹hfisnitar
627 1942 797 1985 filorum
819 1943 1134 1995 generantium,
1157 1958 1288 1997 quam
1310 1958 1459 1985 eorum
1480 1943 1620 1985 forma

74 2027 101 2054 a
131 2013 349 2055 sterilibus
396 2013 580 2062 diversa,
612 2039 664 2042 —
696 2010 810 2065 quod
858 2011 1175 2064 przecedcntem
1213 2010 1433 2065 quandam
1476 2015 1619 2052 trans—

74 2082 377 2124 formationem
408 2080 622 2135 postulari
654 2080 865 2121 videntur.
910 2080 957 2120 In
990 2078 1306 2121 Callithamniis
1335 2080 1391 2121 ad
1413 2080 1619 2121 articulos

75 2150 240 2192 fertiles
273 2151 506 2204 saepissime
527 2149 727 2202 singulam
760 2150 803 2190 in
826 2149 1073 2190 Griffithsiis
1097 2153 1197 2190 sunt
1218 2149 1390 2191 demum
1410 2149 1555 2203 plures
1579 2153 1621 2189 et

76 2219 352 2268 fasciculam,
385 2221 462 2260 aut
491 2218 708 2260 fasciculis
739 2218 935 2271 pluribus
968 2217 1236 2260 verticillatae
1268 2219 1512 2260 obveniunt.

77 2334 108 2376 Ι.
171 2333 413 2376 Involucris
443 2334 839 2386 sphoerosymrarmn
860 2333 959 2387 sere
996 2334 1153 2383 maisy·
1198 2334 1509 2387 sphoerosporis
1553 2335 1619 2376 πί-

190 2404 346 2444 mirum
375 2403 435 2444 ad
475 2402 671 2455 {seniculus
708 2401 914 2454 pedieello
961 2403 1146 2443 {candore
1190 2404 1318 2454 qzcas‘el
1361 2403 1620 2455 heteroyeueo

191 2470 395 2523 soqffldts‘is,
425 2472 547 2512 mitio
578 2470 776 2522 Sz'wfgrmlis,
809 2471 973 2512 demum
996 2470 1198 2523 pluribus
1219 2471 1279 2512 ad
1299 2471 1434 2512 latera
1448 2472 1620 2523 prima-

191 2540 250 2580 rii
280 2538 455 2580 evolutis
485 2538 802 2580 collateralibus
823 2542 898 2579 aut
918 2540 962 2580 in
984 2539 1343 2581 semiverticillum
1362 2541 1619 2592 aygyreyatia

80 2644 116 2684 1.
147 2641 224 2683 Ga.
257 2654 558 2682 FLABELLIGERA
588 2641 749 2695 (Ham).
780 2643 828 2684 iu
863 2642 935 2684 Tr.
970 2643 1032 2684 ΙΨ.
1065 2641 1200 2684 Acad.
1251 2641 1338 2683 Vol.
1382 2642 1549 2685 XXII.
1571 2658 1620 2697 p.

194 2710 309 2765 562.)
340 2709 565 2762 caespitosa
594 2710 748 2761 minor,
796 2713 889 2752 tota
921 2709 1154 2752 articulata
1200 2710 1619 2754 di-triehotomo-de-

192 2777 442 2831 composita,
474 2778 692 2831 ramisque
722 2777 980 2820 lateralibus
999 2782 1042 2820 et
1062 2778 1365 2821 terminalibus
1396 2782 1619 2835 corymbo-

193 2847 252 2888 sis
283 2846 436 2897 obsita,
481 2847 614 2888 ramis
651 2849 950 2902 corymborum
989 2861 1335 2901 quoquoversum
1372 2850 1620 2901 patentibus
