1757 3114
109 77 191 118 444

374 857 537 926 Onne
586 858 730 927 xm.
827 858 1348 927 DELESSERIEAE.

217 1019 337 1073 Algae
369 1018 656 1060 inarticulatae
689 1032 800 1072 saepe
833 1019 1031 1072 planatae,
1053 1032 1165 1059 nunc
1186 1017 1439 1060 foliiformes
1461 1023 1635 1060 costatae

106 1091 148 1129 et
179 1100 358 1138 venosae,
391 1086 848 1141 angulato-cellulosae,
881 1086 1046 1128 cellulis
1091 1087 1227 1140 magis
1265 1086 1476 1140 elongatis
1508 1102 1636 1128 venas

104 1156 471 1211 percurrentibus.
513 1153 793 1210 Cystocarpia
814 1155 930 1196 intra
960 1155 1251 1209 pericarpium
1282 1155 1382 1196 hinc
1412 1158 1636 1197 externum

102 1224 381 1267 latiusculum
412 1225 675 1279 depressum,
698 1225 870 1267 demum
891 1225 1182 1279 carpostomio
1204 1229 1414 1279 apertum,
1438 1225 1636 1268 nucleum

104 1293 341 1348 simplicem
386 1292 584 1335 fovent-ia.
644 1293 739 1335 Fila
771 1293 1087 1348 gemmidiifera
1124 1308 1149 1335 a
1182 1294 1336 1336 cellula
1381 1294 1634 1347 placentari,

106 1376 239 1416 supra
268 1361 450 1403 fundum
489 1361 673 1403 dilatata
712 1362 915 1416 depressa
954 1362 1118 1417 majori,
1157 1362 1433 1416 egredientia,
1466 1377 1636 1405 sursum

103 1431 147 1472 in
178 1431 326 1472 orbem
357 1430 588 1481 radiantia,
634 1430 729 1472 basi
774 1431 860 1471 ima
897 1429 1245 1482 subfasciculata,
1278 1430 1379 1472 dein
1409 1435 1501 1473 tota
1530 1432 1635 1473 invi-

103 1513 195 1540 cem
224 1498 364 1540 libera
394 1497 701 1552 subsimplicia,
736 1512 867 1552 supra
907 1499 1095 1552 stipitem
1142 1503 1315 1542 tenuem
1359 1500 1636 1542 articulatum

103 1567 284 1617 clavata,
316 1566 360 1607 in
392 1567 574 1608 articulo
607 1581 807 1620 supremo
840 1571 915 1608 aut
945 1567 1156 1620 supremis
1187 1567 1336 1621 paucis
1367 1569 1635 1622 praecociori-

102 1638 184 1679 bus
216 1636 449 1691 gemmidia
480 1636 886 1690 obovato-oblonga,
920 1636 1088 1678 demum
1122 1636 1278 1678 emissa
1308 1636 1543 1678 rotundata
1573 1636 1635 1679 fo-

104 1705 258 1746 ventia.
320 1703 639 1759 Sphaerosporae
670 1705 713 1746 in
745 1705 853 1747 soris
892 1704 1160 1746 subdefinitis
1199 1705 1506 1758 provenientes,
1544 1720 1635 1748 ma-

99 1771 279 1827 jusculae
311 1773 568 1823 rotundatae,
600 1773 820 1827 triangule
850 1773 1008 1814 divisae.

217 1840 494 1883 Delesserieae
516 1844 726 1895 proventu
748 1841 1076 1895 gemmidiorum
1092 1845 1136 1882 et
1150 1841 1290 1883 forma
1306 1840 1474 1882 filorum
1496 1854 1635 1894 praeg-

104 1910 301 1951 nantium
332 1909 745 1962 Sphaerococcoideis
775 1911 995 1964 proximae,
1028 1910 1083 1952 ab
1113 1909 1180 1950 his
1211 1908 1416 1951 differunt
1436 1908 1636 1962 placenta

104 1991 237 2031 supra
277 1977 458 2018 fundum
489 1977 576 2018 late
608 1991 797 2031 expansa
827 1978 1041 2031 depressa,
1074 1991 1245 2018 sursum
1276 1976 1349 2018 fila
1379 1976 1633 2030 hemisphae-

103 2046 190 2087 rice
227 2045 448 2086 radiantia
484 2046 717 2087 emittente.
777 2045 992 2087 Differunt
1028 2059 1157 2098 porro
1203 2045 1512 2098 sphaerosporis
1544 2060 1633 2087 ina-

99 2114 278 2169 joribus,
311 2114 400 2155 fere
445 2113 560 2154 nudo
607 2113 728 2155 oculo
775 2114 1027 2166 conspicuis,
1074 2127 1222 2154 earum
1267 2113 1547 2166 dispositione
1590 2113 1634 2154 in

104 2183 224 2229 soris,
257 2186 299 2224 et
329 2181 549 2223 divisionis
581 2181 718 2223 modo.
778 2181 856 2222 Est
887 2181 1072 2234 denique
1103 2182 1146 2222 in
1177 2181 1432 2223 cellularum
1462 2182 1632 2223 divisio-
1661 2191 1663 2193 ’

105 2251 170 2292 nis
200 2249 327 2291 modo
359 2254 401 2291 et
431 2249 686 2291 formatione
718 2250 843 2290 strati
865 2249 1078 2291 corticalis
1110 2250 1307 2303 quaedam
1330 2251 1373 2291 ni
1393 2250 1520 2292 fallor
1551 2250 1632 2291 dif-

103 2319 296 2369 ferentia,
329 2332 416 2371 qua
447 2321 560 2369 nota,
592 2318 627 2359 si
667 2317 786 2359 illam
831 2318 912 2359 rite
944 2318 1222 2371 conceperim,
1272 2317 1545 2360 Delesserieae
1577 2318 1633 2359 ad

104 2387 417 2429 Rhodomeleas
448 2386 645 2427 tendunt.

368 2491 685 2544 Disponantur:

107 2582 256 2617 Fronde
280 2585 441 2626 cmyusta
465 2581 600 2623 enervi,
625 2581 721 2615 soris
745 2579 852 2622 infra
883 2579 1023 2614 ancillas
1047 2580 1104 2614 in-

368 2640 555 2672 crassatas
580 2637 737 2671 evolutis
781 2663 1139 2671 .......
1189 2637 1262 2672 CX.
1289 2638 1629 2672 ARACHNOPHYLLUM.

276 2694 544 2729 membranacea
571 2695 695 2728 enervi
717 2696 785 2728 aut
808 2694 930 2728 nervis
953 2694 1102 2728 interio-

368 2751 474 2785 ribus
491 2751 633 2786 venisvc
645 2750 945 2795 supeoficialibus
957 2761 1105 2785 sursum

368 2808 663 2844 evanescentibus
686 2809 889 2843 instructa:

173 2723 196 2739 ³>
