1757 3114
83 121 162 160 266
507 107 511 111 ⁶
722 116 964 158 Spmmfflffi.
1397 115 1620 169 Spyridia.

175 231 219 265 In
245 231 332 275 Azy.
361 231 461 274 ΕΜ).
489 230 652 265 Novem-ce
670 241 711 274 1).
741 232 782 264 72
809 230 973 264 Grunow
1009 229 1146 273 Algam
1184 228 1372 271 quandam
1409 240 1455 261 ex
1480 227 1620 261 Insulis

84 288 227 322 Kurilis
255 288 495 330 memoravit,
523 288 569 322 ad
595 297 706 331 quam
733 289 875 322 Fuoum
912 287 1135 331 palmettam
1177 285 1256 320 Gm.
1294 285 1395 319 His-t.
1427 284 1521 319 Fue.
1550 285 1620 318 tab.

84 348 127 380 23
152 346 348 391 pertinere
376 346 588 390 suspicatus
617 350 687 381 est.
739 346 833 380 Sunt
859 345 897 379 in
924 343 1182 388 descriptione
1214 347 1252 378 et
1284 343 1392 378 icone
1424 343 1620 386 nonnulla,

86 416 167 448 qnae
195 405 363 448 plantam
392 405 437 438 ab
465 404 587 438 Eaton
612 405 767 439 missam
795 405 970 448 spectare
995 401 1225 444 forsan‘qms
1243 401 1431 435 crederet.
1459 401 1622 434 Grunow

85 460 323 505 cystocarpia
347 460 387 493 in
415 472 479 494 sua
505 461 639 505 planta
664 460 761 495 vidit
787 460 946 502 minuta,
974 460 1018 493 ab
1045 458 1091 492 iis
1111 458 1332 493 Iridaearum
1359 458 1465 503 (sicl)
1491 469 1623 502 parum

87 517 303 561 dissimilia,
343 520 381 551 et
419 518 704 562 sphaerosporas
749 516 948 551 cruciatim
985 515 1138 550 divisas.
1200 515 1309 549 Suam
1346 515 1624 559 Kallymeniam

90 574 255 608 Ginelini
281 574 492 609 nominavit
518 574 692 609 Grunow.
744 575 835 608 Cum
872 573 944 608 Rh.
982 574 1168 618 palmetta
1204 576 1373 607 nostram
1410 572 1522 607 hodie
1560 572 1623 605 vix

87 630 170 673 quis
204 634 455 675 compararet.
504 631 595 665 Haec
632 631 765 676 planta
805 629 997 664 Grunowii
1033 628 1232 674 Algologis
1270 628 1440 663 Rossicis
1477 638 1624 672 quoque

90 688 222 733 ignota
249 687 415 722 videtur.

426 852 591 922 0111111
642 853 762 921 vn.
860 850 1282 920 SPYRIDIEAE.

203 994 320 1048 Algae
343 993 584 1035 articulatae
606 992 941 1046 monosiphoniae
963 992 1060 1045 plus
1083 992 1223 1032 minus
1244 990 1374 1032 dense
1396 991 1626 1032 corticatae.

90 1063 369 1118 Cystocarpia
398 1063 516 1105 intra
544 1062 835 1116 pericarpium
857 1061 1082 1115 proprium
1104 1064 1330 1102 externum
1362 1073 1474 1113 saepe
1505 1059 1627 1101 loba-

90 1137 183 1173 tum
214 1132 414 1173 nucleum
445 1131 814 1184 subcompositum
851 1130 1060 1179 foventia3
1106 1127 1293 1170 nucleoli
1323 1128 1437 1169 circa
1468 1127 1628 1169 colum-

90 1215 191 1242 nam
220 1200 515 1255 placentarem
552 1200 788 1241 centralem
834 1198 1044 1252 dispositi,
1077 1211 1248 1238 sursum
1294 1197 1527 1247 radiantes,
1560 1210 1628 1238 co-

89 1269 248 1311 lumnis
279 1269 452 1311 filorum
483 1268 697 1310 sterilium
741 1267 981 1320 intercepti,
1027 1264 1243 1307 fasciculis
1288 1265 1459 1307 filorum
1490 1278 1629 1326 praeg-

90 1339 288 1380 nantium
317 1337 511 1388 formati3
544 1337 619 1378 fila
650 1335 965 1390 gemmidiifera
996 1348 1168 1376 sursum
1198 1333 1430 1385 radiantia,
1462 1333 1630 1375 inferne

91 1408 422 1451 subdichotoma
453 1407 700 1457 articulata,
732 1406 777 1446 111
817 1404 1012 1446 articulis
1059 1403 1353 1457 superioribus
1399 1402 1631 1456 gemmidia

92 1492 324 1520 numerosa
354 1475 786 1530 oblongo-angulata,
819 1474 1024 1515 divisione
1046 1472 1219 1513 articuli
1240 1475 1348 1523 orta,
1373 1471 1628 1513 subradiata

91 1547 264 1589 demum
307 1560 414 1600 vage
459 1545 719 1599 conglobata
757 1547 800 1585 et
830 1543 954 1597 quasi
984 1555 1109 1583 muco
1148 1540 1338 1582 cohibita
1381 1539 1627 1582 formantia.

93 1616 412 1669 Sphaerosporae
443 1614 500 1655 ad
547 1613 748 1655 ramellos
793 1612 1075 1662 subexternae,
1123 1609 1368 1650 rotundatae
1413 1608 1631 1662 triangule

93 1684 252 1725 divisae.

208 1752 456 1807 Spyridieas
488 1752 531 1792 in
563 1751 673 1792 serie
704 1749 1188 1801 Nematospermearum
1219 1746 1413 1788 ordinem
1436 1746 1501 1787 sui
1519 1746 1630 1800 juris

94 1822 354 1863 constituere
402 1820 597 1862 assumsi.
657 1818 826 1860 Fronde
872 1815 1104 1858 articulata
1141 1829 1167 1856 a
1202 1815 1420 1869 plerisque
1464 1814 1633 1856 facilius

95 1890 421 1942 dignoscantur3
453 1902 566 1929 nunc
597 1887 768 1929 omnino
807 1886 964 1927 cortice
1004 1884 1214 1935 obductae,
1255 1883 1456 1925 continue
1495 1882 1630 1936 adpa-

94 1962 237 2009 reant3
259 1958 455 1999 dissectae
477 1957 630 1998 tubum
652 1954 930 1996 articulatum
960 1952 1195 1994 centralem
1227 1951 1480 2004 ampliorem
1511 1965 1632 1992 mon-

96 2028 309 2069 strabunt.
369 2025 650 2080 Cystocarpia
687 2025 731 2065 in
770 2023 937 2064 ramulo
972 2020 1282 2063 transformato
1313 2020 1560 2061 terminalia
1590 2024 1634 2061 et

96 2097 270 2139 omnino
301 2099 492 2144 externa,
525 2093 640 2134 velut
671 2092 980 2146 sphaerosporae
1012 2090 1284 2131 subexternae
1316 2087 1423 2129 alias
1455 2088 1632 2129 distinc-

96 2167 237 2208 tionas
269 2169 392 2206 notas
424 2163 772 2216 suppeditabunt.

211 2234 444 2289 Spyridieae
475 2231 696 2274 frondium
735 2233 957 2271 structura
988 2231 1030 2269 et
1060 2227 1318 2269 formatione
1365 2226 1634 2280 sphaerospo-

97 2319 246 2347 rarum
278 2303 476 2345 Ceramia
506 2302 594 2343 fere
625 2300 831 2348 referunt,
863 2297 1005 2339 indole
1051 2296 1308 2351 cystocarpii
1356 2295 1634 2349 Rhodophyl-

97 2373 174 2415 leis
196 2376 238 2414 et
261 2370 588 2424 Areschougieis
607 2368 877 2423 potissimum
894 2366 1160 2420 propinquae.
1193 2363 1472 2418 Cystocarpia
1493 2367 1635 2404 trans-

98 2442 356 2484 formatione
401 2438 559 2481 ramuli
604 2438 846 2480 formantur
886 2439 1078 2485 externa,
1110 2439 1152 2475 et
1184 2447 1314 2486 supra
1345 2432 1635 2486 pedunculum

100 2509 359 2559 terminalia,
392 2507 627 2549 rotundata
673 2508 748 2546 aut
793 2502 1053 2546 bi-tri-loba.
1113 2502 1318 2542 Placenta
1361 2500 1445 2541 filis
1491 2500 1634 2541 densis

100 2576 599 2630 dichotomo-fastigiatis
645 2577 687 2615 et
732 2571 1077 2613 anastomosibus
1131 2569 1369 2624 conjunctis
1421 2572 1634 2620 contexta,

101 2647 343 2689 columnam
375 2644 622 2694 centralem,
655 2643 779 2697 quasi
818 2640 1108 2694 pedunculum
1154 2639 1475 2680 continuantem
1509 2640 1550 2677 et
1580 2637 1635 2678 ad

101 2717 266 2770 apicem
297 2714 555 2770 cystocarpii
585 2716 805 2755 extensam
836 2709 974 2751 efficit.
1016 2709 1082 2750 Ab
1114 2708 1194 2748 hac
1226 2706 1425 2748 columna
1455 2705 1636 2746 centrali

102 2789 259 2826 exeunt
290 2784 363 2824 fila
395 2794 739 2836 quoquoversum
770 2777 1001 2825 radiantia,
1033 2776 1221 2829 plurima
1250 2774 1451 2826 elongata
1472 2773 1636 2814 sterilia

104 2852 445 2905 subregulariter
493 2849 736 2891 dichotoma
781 2851 822 2888 et
867 2845 1090 2898 fastigiata
1141 2843 1387 2891 articulata,
1441 2841 1634 2883 articulis
