1762 3036
167 148 245 187 146
732 147 1128 192 CRYPToNnMiAcnAE.
1401 151 1701 207 Pachymem‘a.

277 260 485 302 venilibus
517 261 755 304 linearibus
786 264 994 317 angustis,
1028 263 1318 307 adultioribus
1349 265 1557 317 dilatatis,
1589 280 1702 308 nunc

277 329 641 372 sub-lanceolatis.
695 331 831 374 Rhod.
865 331 1030 374 lusoria
1061 331 1188 375 Grev.
1219 333 1245 375 l.
1276 348 1307 376 e.
1340 334 1475 377 Hoolc.
1505 338 1544 377 et
1564 335 1700 378 Ηανυ.

274 399 321 440 in
367 399 502 440 Lond.
551 396 703 442 Journ.
748 400 848 442 Bor.
908 399 994 442 Vol.
1039 403 1074 442 4·
1093 415 1141 454 p.
1186 402 1278 444 544.
1340 403 1505 445 Iridcea
1537 403 1701 446 lusoria

277 467 414 510 Harv.
444 468 595 524 QFL
630 469 737 511 Nov.
770 469 857 511 Zel.
889 470 958 512 ΙΙ.
983 483 1030 522 p.
1063 471 1156 512 252.

331 549 440 591 Hab.
472 549 528 591 ad
558 549 722 592 Novam
743 550 993 592 Zelandiam
1019 551 1121 605 (Hb.
1144 551 1334 608 Harvey!
1362 554 1636 609 Berggreffl).

251 643 423 678 Frondes
445 642 616 688 juniores
644 642 777 677 habitu
804 642 972 677 Chondri
1009 643 1204 687 cujusdam
1242 645 1443 679 admodum
1474 645 1593 680 crassi
1618 646 1700 691 plu-

159 702 264 735 rimae
293 712 313 734 a
338 701 434 735 callo
452 700 612 734 radicali
630 700 875 745 proveniunt,
894 699 1005 734 initio
1025 701 1370 736 cuneato-lineares
1391 702 1698 747 simpliciusculae

160 758 298 803 saepius
323 760 502 803 patenter
527 757 683 792 furcatae
711 760 749 792 et
776 768 869 802 vage
896 757 957 790 hic
982 757 1062 792 illic
1089 760 1201 793 tortae
1230 758 1400 803 apicibus
1427 760 1699 795 obtusiusculis

160 819 198 850 et
222 815 459 861 marginibus
496 814 535 848 in
567 814 758 849 exsiccata
789 826 889 859 saepe
925 814 1149 858 prominulis
1177 815 1284 859 quasi
1310 816 1586 861 canaliculatae,
1611 818 1700 851 1—-2

159 873 279 907 lineas
307 873 377 907 hoc
404 872 528 907 stadio
554 872 655 906 latae.
705 872 811 906 Inter
838 872 903 905 has
929 871 1082 906 frondes
1109 873 1305 918 gregarias
1331 873 1493 918 singulae
1520 874 1700 919 elongan-

158 933 220 964 tur
259 933 297 964 et
334 929 539 964 latitudine
571 928 773 963 admodum
804 928 1038 973 increscunt,
1077 928 1174 964 fiunt
1198 929 1378 974 pollicem
1404 933 1443 965 et
1468 930 1571 965 ultra
1595 931 1698 975 latae,

157 987 399 1033 longitudine
427 997 544 1030 usque
571 979 873 1030 octopollicares.
924 985 1121 1030 Ejusmodi
1147 986 1301 1021 frondes
1329 998 1430 1031 saepe
1448 987 1698 1033 irregularins

157 1045 360 1087 laciniatae,
392 1055 492 1078 nunc
518 1054 665 1088 quoque
692 1043 940 1088 subpalmatae
968 1046 1032 1077 aut
1059 1055 1079 1077 a
1104 1044 1276 1089 margine
1302 1055 1397 1090 vage
1423 1044 1583 1089 foliosae,
1607 1045 1697 1079 laci-

156 1102 228 1136 niis
256 1114 355 1136 nunc
381 1101 569 1146 plurimis,
603 1101 740 1145 saepius
772 1101 992 1145 patentibus
1027 1104 1092 1135 ant
1120 1101 1422 1147 divergentibus.
1472 1100 1696 1147 Superficies

155 1161 195 1194 in
220 1160 426 1205 majoribus
453 1171 551 1193 nuuc
571 1159 828 1202 verruculosa,
848 1159 954 1202 quasi
973 1159 1151 1194 coccidiis
1172 1159 1478 1205 hemispliaericis
1495 1159 1697 1204 instructa,

156 1221 194 1252 at
220 1229 388 1252 verrucae
415 1215 702 1250 fructificationi
728 1216 830 1249 haud
859 1215 1088 1250 inserviunt.
1153 1214 1399 1261 Cystocarpia
1435 1221 1570 1252 contra
1608 1223 1695 1252 sunt

155 1275 254 1309 infra
291 1278 454 1310 stratum
492 1273 672 1309 corticale
706 1273 909 1309 admodum
941 1274 1135 1308 evolutum
1160 1274 1352 1319 immersa,
1378 1275 1543 1320 plurima
1569 1279 1607 1310 et
1633 1276 1697 1310 de-

154 1343 256 1365 mum
283 1332 558 1377 adproximata,
585 1330 692 1374 quasi
724 1342 791 1375 per
817 1331 947 1375 plures
981 1341 1092 1365 zonas
1119 1330 1335 1366 fructiferas
1363 1331 1563 1377 disposita.
1621 1333 1696 1367 Nu—

155 1389 267 1423 cleoli
294 1388 485 1433 juveniles
516 1387 653 1422 minuti
685 1390 864 1422 constant
897 1386 972 1421 filis
998 1387 1249 1432 tenuissimis,
1276 1400 1297 1422 a
1321 1389 1461 1423 cellula
1485 1390 1697 1434 placentari

155 1446 396 1490 exeuntibus,
432 1446 681 1489 fasciculatis,
720 1445 882 1491 singulis
926 1444 1244 1481 moniliformibus
1283 1446 1593 1492 simpliciusculis
1633 1450 1697 1481 aut

154 1515 286 1548 parum
323 1503 500 1545 ramosis3
528 1502 735 1537 adultiores
768 1503 864 1537 bene
891 1503 1062 1537 evolutos
1094 1515 1168 1538 non
1195 1503 1286 1538 vidi.
1337 1503 1628 1549 Sphaerosporas
1655 1505 1701 1538 inv

155 1561 428 1606 speciminibus
465 1560 564 1594 haud
601 1560 731 1604 paucis
769 1559 982 1594 observatis
1015 1560 1139 1594 nullas
1176 1559 1267 1595 vidi.
1319 1560 1429 1596 Color
1465 1562 1545 1597 fere
1575 1562 1695 1597 fusce-

155 1629 263 1652 scens
302 1617 515 1652 Rissoellae.
568 1616 720 1662 Species
759 1616 1065 1661 distinctissima,
1102 1617 1284 1652 affinitate
1334 1619 1589 1663 systematicis
1632 1619 1694 1653 diu

155 1675 280 1709 dubia.
331 1675 452 1709 Frons
491 1674 728 1709 crassissima
753 1674 830 1708 fere
856 1673 896 1708 P.
923 1685 1119 1710 carnosae:
1156 1677 1195 1708 at
1230 1675 1332 1711 frons
1371 1688 1444 1711 non
1482 1688 1577 1722 vage
1607 1677 1696 1711 fissa

154 1733 221 1767 sed
248 1732 455 1779 segmentis
484 1732 796 1767 excrescentibus
823 1742 981 1766 ramosa.

153 1837 190 1878 4.
224 1837 266 1878 Ι).
299 1850 536 1878 DIOHOTOMA
567 1835 635 1890 (J.
668 1837 749 1889 Ay.
780 1838 926 1890 mser.)
958 1835 1184 1890 frondibus
1216 1851 1242 1878 a
1272 1837 1418 1879 radice
1438 1838 1692 1892 hemisphae-

267 1906 354 1947 rice
385 1906 658 1948 radiantibus
690 1905 925 1958 caespitosis
948 1905 1274 1959 subfastigiatis,
1299 1905 1478 1959 singulis
1500 1920 1526 1947 a
1547 1906 1691 1960 stipite

265 1974 538 2028 complanato
561 1975 605 2015 in
627 1973 824 2015 frondem
846 1972 1022 2026 planam
1044 1973 1375 2014 crassiusculam
1397 1974 1691 2027 angustiorem

264 2044 445 2096 repetite
477 2043 767 2084 dichotomam
799 2041 1011 2095 expansis,
1044 2041 1275 2095 segmentis
1305 2042 1541 2084 linearibus
1573 2042 1689 2085 elon-

264 2113 375 2164 gatis
407 2126 540 2166 supra
571 2111 749 2152 axillam
795 2111 1058 2164 patentibus⁷
1104 2111 1407 2154 terminalibus
1453 2113 1689 2153 attenuatis

263 2180 581 2225 obtusiuseulis.
614 2179 890 2220 inferioribus
922 2193 1034 2220 nunc
1062 2192 1088 2220 a
1109 2179 1225 2220 disco
1258 2183 1300 2220 et
1331 2181 1525 2234 margine
1557 2180 1689 2233 proli-

263 2249 364 2291 feris
396 2249 590 2302 caespites
623 2263 753 2290 novos
785 2247 1002 2290 frondium
1034 2247 1333 2290 formantibus.

414 2329 524 2371 Hab.
557 2329 611 2370 ad
643 2328 806 2370 Novam
839 2328 1086 2370 Zelandiam
1121 2328 1420 2384 (Bel-ggrenl).

241 2433 349 2467 Statu
375 2434 471 2467 bene
498 2432 650 2467 evoluto
684 2432 764 2466 haec
790 2443 809 2466 a
837 2431 882 2478 ‚P.
910 2430 1049 2466 lusoria
1088 2431 1285 2465 admodum
1325 2431 1477 2466 diversa
1513 2432 1686 2477 adparet,

147 2490 280 2524 fronde
307 2493 468 2535 anguste
494 2489 645 2533 lineari,
671 2488 836 2534 repetite
875 2489 1104 2532 dichotoma,
1142 2500 1242 2522 nunc
1268 2500 1387 2533 usque
1412 2489 1541 2533 pedali
1567 2492 1605 2524 et
1631 2492 1685 2524 ta-

146 2559 234 2581 men
260 2546 481 2592 angustiore
509 2558 619 2590 quam
645 2546 683 2579 in
710 2545 750 2580 P.
770 2545 925 2580 lusoria.
961 2545 1037 2579 Alii
1063 2557 1152 2579 vero
1180 2548 1301 2580 status
1330 2545 1482 2590 adsunt,
1509 2546 1573 2590 qui
1592 2546 1684 2581 diffi-

147 2606 256 2640 cilius
295 2605 596 2650 distinguantur.
653 2604 865 2638 Distinctas
904 2603 1120 2637 enumeravi
1159 2603 1247 2646 quia
1285 2614 1431 2647 quoque
1470 2604 1686 2638 substantia

146 2664 316 2697 diversas
343 2663 506 2697 credidi:
538 2663 579 2696 P.
607 2662 835 2705 dichotoma,
863 2664 904 2695 ut
929 2661 1139 2704 madefacta
1174 2661 1214 2694 in
1251 2672 1347 2704 aqua
1383 2660 1484 2694 dulci
1510 2661 1682 2706 deposita

147 2721 275 2765 fuerit,
312 2722 365 2756 ita
402 2720 582 2755 facillime
621 2719 845 2754 dissolvitur
871 2723 925 2763 ut,
953 2718 984 2753 si
1010 2730 1156 2774 qupque
1196 2718 1324 2753 statim
1364 2729 1477 2762 supra
1513 2719 1681 2753 chartam

146 2788 313 2822 expansa
337 2777 467 2821 fuerit,
494 2777 531 2811 in
559 2777 766 2822 gelatinam
801 2779 913 2810 antea
945 2777 1055 2811 abeat
1080 2786 1191 2819 quam
1218 2775 1408 2810 exsiccata
1433 2775 1510 2809 fiat.
1560 2775 1601 2810 P.
1628 2777 1681 2810 lu—

145 2836 245 2868 soria
270 2834 423 2878 quidem
449 2845 597 2877 quoque
624 2834 660 2867 in
689 2845 784 2878 aqna
810 2833 911 2869 dulei
939 2833 1114 2869 solvitur.
1148 2832 1213 2867 sed
1246 2844 1320 2868 non
1347 2833 1399 2866 ita
1426 2835 1468 2866 ut
1493 2845 1567 2867 non
1592 2832 1681 2867 faci-

144 2892 216 2925 lius
244 2892 471 2925 exsiccatur.
