1762 3036
151 108 230 148 150
723 113 1123 167 CRYPTONEMIACEAE.
1394 123 1687 179 Grateloupe'a.

147 219 178 260 I.
213 221 411 265 ARAEorns
433 224 596 277 fronde
621 226 864 279 yelatmosa
909 228 1113 282 (facilius
1159 233 1394 291 dissoluta)
1425 251 1687 290 compresso-

251 289 408 342 plana,
442 292 607 333 demum
645 295 945 347 subtubeclosffl
983 301 1113 341 strati
1150 302 1369 345 interioris
1388 305 1486 359 filis
1517 306 1685 359 simpli-

237 354 462 403 ‘emsa-ulis
493 364 635 405 minus
667 367 888 419 conspicue
918 372 1352 426 anastomosantibu&
1383 375 1550 417 demum
1572 376 1685 419 lasci-

263 430 407 472 oribus
437 431 484 473 in
503 432 670 483 fronde
700 436 996 479 subtubnlosa.

150 498 185 537 1.
217 497 293 539 GR.
327 512 550 541 PROLIFERA
595 501 662 555 (J.
698 502 779 556 Ay.
811 506 957 561 mser.)
987 505 1140 548 fronde
1172 523 1222 551 ex
1268 512 1395 553 tereti
1440 526 1687 566 compressa

260 567 415 609 lineari
447 569 649 624 elongata
679 573 883 627 utrinque
914 575 1040 630 longe
1081 580 1319 632 attenuata,
1359 581 1684 635 prolificationi-

263 636 342 677 bus
374 638 666 682 conformibus
697 655 723 682 a
754 643 947 697 margine
979 648 1021 685 et
1053 646 1214 699 pagina
1258 649 1503 692 inordinate
1549 665 1685 693 emer-

261 705 462 757 gentibus
487 708 658 762 jubata,
690 710 862 752 demum
890 712 1127 767 subtulosa,
1151 718 1429 772 cystocarpiis
1451 733 1528 773 per
1548 723 1685 762 totam

260 772 456 815 frondem
488 775 697 829 plurimis.

261 842 369 883 Hab.
402 843 456 885 ad
489 843 765 889 Tasmaniam
796 849 929 903 (Dzna
968 850 1241 909 Meredith!),
1279 854 1334 896 ad
1373 855 1536 898 insulas
1572 856 1684 899 Cha-

413 917 503 954 tam
534 914 794 968 (Traversl).

238 980 430 1016 Frondem
455 983 675 1027 primariam
713 984 792 1018 vidi
830 997 947 1029 usque
985 986 1214 1033 bipedalem,
1253 990 1335 1025 basi
1366 992 1548 1036 apiceque
1574 993 1687 1040 longe

148 1039 384 1072 attenuatam
410 1039 609 1084 linearem,
636 1041 841 1075 latitudine
868 1054 967 1076 nunc
992 1043 1146 1089 lineam,
1172 1058 1273 1080 nunc
1291 1047 1381 1081 2--4
1399 1048 1519 1082 lineas
1538 1061 1688 1094 aequan-

148 1096 238 1138 tem,
266 1094 436 1139 apicibus
463 1096 577 1142 longe
603 1098 741 1131 nudam
775 1098 1000 1143 simplicem,
1026 1101 1150 1135 media
1174 1106 1284 1147 parte
1312 1104 1479 1149 sparsius
1507 1109 1572 1140 aut
1597 1107 1687 1141 den-

148 1151 226 1185 sius
251 1151 593 1196 prolificationibus
621 1154 876 1190 conformibus
903 1155 1085 1197 obsitam3
1113 1170 1226 1203 nune,
1254 1172 1431 1205 suprema
1455 1165 1564 1206 parte
1582 1164 1688 1207 laesa,

147 1208 339 1243 inferioris
366 1221 453 1254 pars
481 1211 654 1255 superior
679 1211 719 1245 in
743 1212 1044 1257 prolificationes
1071 1215 1320 1251 densissimas
1348 1217 1439 1252 abit.
1476 1219 1585 1253 Rami
1603 1233 1687 1265 pro-

147 1265 334 1302 lificantes
361 1268 588 1312 conformes,
613 1269 814 1305 inferiores
842 1272 986 1306 frondis
1007 1273 1118 1308 modo
1137 1275 1351 1319 compositi,
1372 1276 1587 1321 superiores
1607 1278 1689 1322 plu-

147 1324 234 1358 rimi
263 1324 554 1370 simpliciusculi
581 1329 620 1361 at
644 1328 855 1372 breviores,
893 1341 1024 1364 omnes
1066 1332 1289 1375 compressi.
1341 1333 1587 1379 Cystocarpia
1622 1347 1690 1380 per

148 1384 268 1416 totam
293 1382 466 1416 frondem
493 1386 532 1417 et
556 1383 854 1427 prolificationes
881 1386 1062 1430 plurima3
1097 1387 1388 1434 Sphaerosporas
1414 1389 1452 1424 in
1473 1390 1688 1435 junioribus

150 1439 306 1474 ramulis
335 1440 506 1475 evolutas
534 1441 624 1475 vidi.

240 1497 331 1531 Cum
358 1497 601 1533 Nemastoma
626 1511 776 1535 comosa
799 1501 915 1536 Harv.
943 1503 1132 1546 quandam
1148 1504 1264 1539 habet
1290 1508 1487 1540 externam
1513 1506 1688 1541 similitu—

149 1554 292 1598 dinem3
311 1559 350 1591 at
370 1556 585 1592 substantia
602 1558 722 1603 magis
751 1558 921 1603 clastica,
954 1560 1057 1595 color
1076 1560 1197 1606 magis
1217 1560 1257 1595 in
1276 1561 1486 1597 violaceum
1512 1563 1689 1607 tendenS,

149 1613 291 1648 chartae
318 1615 442 1649 minus
470 1627 616 1660 quoque
644 1617 816 1651 adhaeret
842 1620 881 1651 et
908 1620 1101 1652 structura
1127 1618 1291 1654 diversa.

239 1671 335 1705 Mihi
361 1672 515 1706 dubium
541 1672 693 1707 videtur
720 1684 816 1707 anne
843 1673 891 1708 ad
916 1674 1012 1708 hanc
1038 1674 1202 1719 speeiem
1227 1676 1443 1710 revocanda
1469 1676 1520 1711 sit
1544 1677 1689 1721 planta,

149 1740 261 1772 quam
285 1730 500 1765 Durnontiae
527 1730 714 1765 filiformis
735 1731 887 1766 nomine
909 1743 928 1765 e
946 1732 1052 1767 Nova
1070 1733 1254 1767 Zelandia
1272 1737 1556 1768 enumerarunt.
1583 1735 1690 1769 Hanc

149 1786 249 1820 enim
269 1786 424 1822 minime
451 1799 535 1822 esse
562 1788 785 1833 Europaeam
812 1788 857 1822 D.
884 1787 1101 1823 filiformem
1126 1790 1275 1824 facilius
1301 1790 1394 1825 mihi
1420 1792 1688 1836 persuadeam:

150 1847 389 1888 segmentum
414 1844 560 1880 frondis
594 1845 809 1880 Dumontiae
849 1845 1037 1880 filiformis
1076 1859 1176 1881 verae
1205 1848 1321 1882 semel
1348 1849 1549 1883 exsiccatae
1577 1850 1690 1884 colla-

149 1900 265 1944 bitur,
291 1913 361 1936 nec
386 1903 483 1938 bene
511 1903 747 1945 extenditur,
775 1904 805 1936 si
832 1903 973 1937 iterum
1000 1904 1253 1939 madefactum
1279 1906 1531 1940 examinatur.
1565 1907 1690 1940 Aliter

149 1959 302 1995 omnino
328 1961 539 2005 specimina
564 1973 584 1996 e
609 1962 716 1996 Nova
733 1962 929 2005 Zelandia,
950 1974 1060 2005 quam
1079 1963 1123 1997 D.
1144 1962 1358 1998 filiformem
1379 1964 1688 2000 denominarunt:

151 2018 367 2053 substantia
391 2019 430 2052 in
456 2019 527 2053 hac
553 2022 612 2054 est
639 2019 1057 2064 elastico-gelatinosa3
1091 2021 1303 2055 madefacta
1328 2033 1461 2065 aquam
1488 2023 1597 2057 avide
1623 2024 1690 2057 im-

148 2073 284 2109 bibens
311 2078 350 2109 et
374 2075 522 2110 facilius
550 2080 720 2111 extensa.

241 2132 330 2176 Quae
358 2137 500 2168 nostrae
527 2134 691 2178 primum
717 2135 797 2169 vidi
824 2135 1035 2180 specimina
1071 2135 1307 2181 Tasmanica,
1345 2137 1560 2173 Dumontiae
1586 2137 1690 2173 habi-

149 2192 229 2224 tum
255 2202 330 2225 non
356 2202 488 2235 parum
513 2191 733 2236 referentia,
759 2193 911 2227 nomine
937 2193 981 2228 D.
1007 2193 1198 2238 proliferae
1226 2194 1439 2240 designavi,
1459 2196 1609 2230 nescius
1630 2196 1689 2230 cui

151 2246 291 2281 Generi
330 2247 501 2292 Speciem
538 2261 674 2283 novam
710 2249 953 2294 potissimum
990 2251 1292 2286 adnumerarem.
1341 2252 1440 2286 Dein
1484 2253 1691 2298 specimina

151 2315 197 2338 ex
221 2304 358 2339 insulis
387 2305 544 2340 Chatam
570 2307 666 2341 bene
692 2306 890 2342 fructifera
914 2307 1043 2351 habui,
1070 2319 1152 2351 quae
1181 2320 1201 2342 a
1226 2308 1493 2354 Grateloupiae
1520 2313 1610 2355 typo
1627 2310 1691 2344 vix

151 2360 304 2396 diversa
328 2362 421 2396 mihi
447 2363 639 2398 videntur.
688 2363 732 2398 In
759 2367 954 2399 structura
980 2367 1017 2398 et
1043 2365 1259 2400 substantia
1288 2365 1434 2401 frondis
1469 2366 1691 2401 Tasmanica

149 2417 285 2461 planta
311 2419 455 2455 sterilis
482 2432 557 2455 non
583 2421 735 2456 omnino
761 2422 941 2466 congruit
966 2433 1049 2456 cum
1075 2433 1119 2456 ea
1136 2434 1182 2456 ex
1200 2423 1273 2457 ins.
1295 2423 1465 2468 Chatam,
1484 2424 1582 2467 quod
1601 2435 1690 2458 vero

150 2477 256 2512 aetati
283 2481 322 2511 et
347 2478 639 2523 praeparationis
666 2479 776 2513 modo
802 2479 1097 2514 adscribendum
1123 2480 1266 2525 putavi.

242 2534 378 2569 Utrum
405 2536 452 2569 ad
477 2539 648 2570 nostram
673 2536 878 2581 pertineat,
905 2548 951 2570 an
983 2536 1134 2571 omnino
1168 2537 1322 2571 diversa
1347 2537 1397 2571 sit
1423 2536 1581 2581 species,
1608 2549 1689 2581 quae

158 2603 179 2624 a
203 2590 355 2636 Harvey
394 2592 517 2635 (Flor.
558 2593 653 2628 Nou.
686 2593 822 2638 Zel.p.
855 2594 938 2640 254)
978 2595 1129 2629 nomine
1167 2595 1419 2629 Nemastomae
1458 2594 1692 2628 intestinalis

152 2648 397 2692 describitur,
423 2650 517 2684 mihi
542 2663 617 2685 non
644 2651 777 2694 liquet.
826 2651 1062 2696 Harveyanae
1089 2652 1199 2696 hujus
1227 2652 1369 2696 plantae
1396 2651 1540 2685 nullum
1571 2652 1689 2696 speci·

151 2717 237 2740 men
264 2706 353 2740 vidi.
387 2707 431 2740 In
456 2707 672 2752 fragmento
696 2707 835 2743 misero
862 2708 1081 2753 speciminis
1109 2720 1128 2742 e
1153 2709 1259 2743 Nova
1281 2707 1463 2742 Zelandia
1481 2719 1501 2741 a
1518 2708 1690 2752 Harveyo

152 2763 311 2807 recepti,
337 2763 489 2797 nomine
516 2764 612 2797 Dum
639 2764 825 2799 filiformis
853 2764 1052 2808 inscripto,
1079 2768 1248 2799 nostram
1275 2775 1504 2809 cognoscere
1530 2764 1688 2798 credidi.

153 2820 321 2854 Eandem
348 2822 515 2865 plantam
536 2832 556 2854 a
574 2822 749 2865 Harveyo
769 2823 837 2857 sub
863 2822 1007 2856 duobus
1035 2822 1248 2856 nominibus
1277 2825 1534 2856 enumeratam
1559 2821 1690 2865 fuisse,

152 2875 215 2910 vix
241 2888 431 2911 assumere
459 2877 584 2911 debui.
