1757 3114
1569 114 1650 155 689

225 220 478 263 flabellatim
511 221 709 273 expansis
732 234 864 273 supra
885 219 1108 262 inferiores
1130 224 1528 275 procumbentibus,
1552 240 1648 267 cum

227 291 293 331 his
324 295 366 332 et
397 290 546 332 vicinis
577 291 734 331 sensim
765 291 1150 341 concrescentibus,
1191 293 1490 347 (cystocarpiis
1528 296 1646 338 disco

225 359 392 400 frondis
423 360 650 409 immersis,
683 359 751 399 hic
782 358 868 399 illic
903 360 1331 417 numerosiorib11s?).

380 428 489 469 Hab.
521 427 575 468 ad
608 427 769 468 Novam
802 426 1071 467 Zelaudiam:
1105 427 1343 482 Berggren!

201 509 352 554 Species
379 509 538 551 minuta,
578 508 623 541 ad
660 519 745 542 oras
784 507 898 541 Novae
937 507 1130 542 Zelandiae
1168 508 1390 553 frequenter
1427 512 1646 557 obveniens,

109 578 274 611 semper,
301 568 485 610 quantum
510 564 602 608 vidi,
628 564 730 598 inter
757 563 847 597 alias
886 564 1001 608 Algasv
1040 563 1232 600 intricata.
1283 567 1494 612 Specimina
1520 572 1646 603 tamen

106 624 261 669 integra
297 623 359 657 vix
397 622 521 666 obvia,
557 621 729 666 partibus
768 620 1018 655 adultioribus
1059 623 1368 667 (posterioribus)
1407 625 1533 659 forsan
1562 638 1644 660 sen-

107 680 178 714 sim
217 679 506 722 emorientibus,
544 677 798 712 anterioribus
837 677 985 722 vegetis
1024 677 1062 711 in
1095 690 1210 713 novos
1249 681 1359 715 orbes
1388 683 1643 716 excrescenti-

104 738 186 772 bus.
237 736 370 781 Qualia
396 735 605 780 specimina
628 736 698 770 boc
723 735 834 770 modo
866 735 1004 768 adsunt
1042 746 1189 780 semper
1227 737 1494 772 decumbentia
1530 740 1644 785 adpa-

103 798 204 833 rent.
233 794 383 829 laciniis
409 793 613 829 flabellatis
640 792 747 837 qnasi
773 805 794 827 a
819 793 981 827 diversis
1014 794 1155 828 centris
1188 796 1502 839 provenientibus
1531 801 1568 831 et
1593 798 1643 832 ir-

101 852 335 896 regulariter
361 850 626 897 superpositis,
654 849 912 894 superioribus
933 861 1015 883 cum
1034 849 1275 886 inferioribus
1295 855 1641 897 concrescentibus,

102 908 264 954 singulis
302 908 528 943 dichotomis
567 911 631 942 aut
666 907 815 942 laciniis
851 907 1023 952 pluribus
1062 908 1334 953 adproximatis
1374 912 1640 956 subpalmatim

102 965 252 1009 divisis,
280 965 488 1010 segmentis
515 976 629 1009 supra
654 964 787 998 axillas
815 975 914 998 nunc
940 964 1174 1008 patentibus,
1200 977 1300 1000 nunc
1319 970 1357 1000 et
1374 968 1564 1012 praecipue
1583 968 1639 1002 in-

100 1021 303 1057 ferioribus
329 1021 607 1066 patentissimis
635 1024 673 1055 et
700 1020 836 1055 eximie
864 1021 1170 1066 divergentibus,
1204 1023 1377 1067 plurimis
1411 1024 1549 1059 lineam
1576 1029 1639 1060 aut

101 1079 372 1123 sesquilineam
409 1079 614 1113 latitudine
641 1079 703 1112 vix
731 1078 1014 1122 superantibus,
1051 1078 1276 1114 interstitiis
1313 1080 1415 1115 iuter
1442 1086 1639 1127 segmenta

97 1137 269 1181 proxima
295 1137 359 1171 vix
396 1135 605 1170 2—31ineas
644 1135 884 1180 longitudine
923 1136 1204 1179 superantibus.
1256 1137 1423 1172 Stratum
1457 1139 1637 1173 corticale

97 1197 226 1237 tenue,
253 1194 401 1228 cellulis
428 1194 492 1227 vix
516 1193 556 1227 in
581 1192 647 1227 fila
671 1193 871 1228 verticalia
896 1194 1127 1238 conjunctis:
1146 1194 1185 1228 in
1205 1195 1543 1240 sphaerosporifera
1561 1209 1636 1231 ma-

95 1250 155 1295 gis
183 1250 390 1293 evolutum,
418 1251 520 1284 inter
545 1250 610 1284 fila
635 1250 833 1284 verticalia
858 1251 990 1285 brevia
1009 1251 1292 1296 sphaerosporas
1320 1253 1517 1287 cruciatim
1543 1253 1637 1288 divi-

97 1319 156 1342 sas
182 1308 327 1342 fovens.
364 1307 611 1351 Cystocarpia
636 1311 783 1342 tantum
801 1307 842 1341 in
859 1307 1074 1353 fragmento
1102 1308 1335 1352 speciminis,
1369 1309 1479 1343 undis
1500 1310 1636 1353 jactati

46 1393 48 1396 ⁴
96 1368 134 1398 et
160 1364 370 1399 decolorati
394 1364 485 1408 vidi,
511 1364 557 1399 de
584 1365 689 1409 cujus
715 1364 921 1399 identitate
948 1377 1022 1399 non
1049 1365 1201 1400 omnino
1228 1369 1354 1400 certus
1383 1378 1482 1407 sum;
1510 1367 1548 1401 in
1567 1367 1636 1402 hoc

94 1421 220 1457 frondi
246 1423 426 1457 immersa
450 1422 543 1456 mihi
570 1423 829 1467 adparuerunt
848 1425 886 1456 et
903 1425 1133 1456 structuram
1160 1422 1451 1467 Callophyllidis
1477 1424 1635 1458 offeren-

98 1481 166 1525 tia,
193 1485 232 1515 at
257 1481 345 1515 hinc
369 1480 409 1514 in
435 1479 729 1525 carpostomium
762 1479 959 1524 producta.
1011 1479 1233 1514 Substantia
1268 1480 1413 1516 frondis
1451 1482 1634 1516 membra-

94 1550 211 1573 nacea
236 1541 275 1572 et
300 1538 442 1572 chartae
470 1549 545 1572 non
571 1537 770 1571 admodum
797 1537 980 1571 adhaeret.
1031 1537 1141 1572 Color
1167 1538 1376 1573 coccineus.

187 1595 278 1630 Cum
304 1598 437 1630 nostra
462 1594 587 1639 specie
614 1594 890 1639 Rhodophyllis
923 1594 1183 1639 angustifrons
1216 1595 1334 1629 Hook.
1367 1599 1406 1629 et
1431 1595 1545 1630 Harv.
1573 1607 1631 1630 ac-

95 1653 263 1687 curatius
290 1652 545 1697 comparanda
582 1651 750 1686 videtur.
799 1651 842 1685 In
868 1651 937 1685 hac
965 1654 1196 1686 structuram
1224 1652 1301 1686 vidi
1329 1651 1630 1698 Callophyllidis.

95 1712 175 1745 Sec.
203 1711 396 1755 specimen
422 1710 521 1754 quod
547 1720 672 1744 coram
698 1708 831 1752 habeo,
856 1708 1026 1742 incertus
1055 1721 1135 1742 sum
1162 1721 1258 1743 anne
1297 1710 1492 1745 crescendi
1521 1712 1631 1745 modo

93 1780 239 1812 quoque
265 1779 348 1802 cum
374 1770 506 1801 nostra
531 1766 744 1801 conveniat.
793 1766 914 1800 Frons
942 1777 1030 1801 vero
1062 1767 1180 1801 multo
1219 1767 1417 1812 angustior
1455 1780 1564 1811 quam
1591 1769 1628 1802 in

91 1828 242 1867 nostra;
268 1837 355 1871 pars
381 1824 538 1859 inferior
563 1823 753 1869 praecipue
780 1823 1064 1869 angustissima,
1096 1825 1202 1868 quasi
1241 1824 1495 1860 constitueret
1521 1826 1628 1871 stipi-

91 1885 169 1917 tem
194 1882 389 1928 proprium
415 1881 565 1916 laminis
592 1881 703 1926 paulo
729 1879 943 1916 latioribus.

93 1987 148 2028 ad
179 2001 275 2041 pag.
307 1982 387 2028 236
419 1990 516 2040 post
546 1986 906 2041 Callophyllidem
937 1987 1155 2029 inseratur
1187 2001 1340 2028 novum
1371 1987 1535 2029 Genus:

88 2103 230 2153 Xm‘a.
267 2104 569 2153 ECTOPHORA
605 2101 650 2145 J.
682 2101 763 2156 Ay.
793 2116 916 2145 mser.

88 2219 226 2262 Frons
257 2220 790 2262 carnoso-membranacea
820 2218 964 2273 plana,
996 2231 1102 2271 vage
1136 2217 1340 2259 laciuiata
1370 2220 1452 2258 aut.
1475 2215 1621 2258 dicho—

201 2294 330 2339 toma,
363 2289 511 2330 stratis
544 2289 710 2330 duobus
742 2277 961 2330 contexta:
993 2287 1197 2328 interiore
1228 2285 1392 2327 cellulis
1414 2285 1622 2326 rotunda-

202 2357 257 2399 tis
289 2357 456 2411 magnis
494 2356 780 2410 pluriseriatis
812 2360 854 2397 et
884 2354 1130 2409 superficies
1174 2367 1322 2395 versus
1367 2353 1621 2403 minoribus,

200 2425 500 2478 meatibusque
545 2424 937 2466 intercellularibus
982 2422 1314 2464 endochromate
1358 2421 1544 2474 repletis,
1577 2421 1620 2462 in

200 2492 274 2534 fila
303 2492 417 2535 inter
447 2492 701 2534 cellularum
732 2494 918 2547 parietes
950 2491 1319 2533 anastomosantia
1344 2490 1500 2530 sensim
1523 2503 1619 2531 evo-

198 2563 317 2613 lutis3
349 2562 561 2604 exteriore
591 2562 888 2613 crassiusculO,
910 2561 993 2602 filis
1024 2560 1299 2602 verticalibus
1321 2558 1617 2600 moniliformi-

198 2631 279 2672 bus
310 2634 546 2673 constante.
606 2629 887 2685 Cystocmpz‘a
918 2630 1033 2670 intra
1064 2629 1353 2682 pericarpium
1384 2641 1516 2681 supra
1541 2641 1616 2681 pa-

200 2700 345 2754 giuam
376 2713 603 2751 emersum,
637 2699 920 2753 carpostomio
953 2698 1178 2747 munitum,
1217 2696 1414 2738 nucleum
1445 2709 1616 2748 compo-

199 2769 342 2820 situm,
376 2768 506 2821 plexu
543 2769 749 2822 peculiari
795 2768 980 2809 cinctum
1025 2765 1232 2815 foventia3
1279 2762 1460 2805 nucleoli
1504 2763 1615 2804 inter

197 2836 272 2878 fila
301 2836 642 2878 intercellularia
686 2837 862 2878 uberius
906 2835 1077 2876 evoluta
1121 2832 1296 2887 plurimi
1327 2831 1500 2884 recepti,
1530 2831 1613 2872 filis

1434 2898 1479 2933 44
