1757 3114
153 76 234 117 454
769 76 1072 116 DELEssanAE.
1372 74 1674 128 Nitophyllum.

241 189 439 235 Specimen
465 187 724 223 authenticum
750 188 860 233 hujus
886 188 1031 221 nullum
1054 186 1146 222 vidi.
1181 189 1360 224 Nostrum
1379 191 1518 231 tamen,
1538 198 1581 221 ex
1600 187 1677 221 Ins.

150 247 353 282 Malouinis
380 248 550 289 allatum,
576 257 659 280 cum
686 244 943 289 descriptione
981 245 1204 289 Harveyana
1230 249 1288 280 sat
1312 246 1408 280 bene
1435 243 1679 286 conveniens,

149 305 318 349 plantam
343 303 605 346 Harveyanam
631 302 768 336 sistere
794 301 897 335 finxi.
946 299 1032 334 Alia
1055 301 1199 345 planta,
1224 301 1356 335 habitu
1380 299 1594 345 Nitophylli
1620 310 1680 333 cu-

146 360 296 405 jusdam
322 363 360 394 et
385 358 658 404 appendicibus
684 370 767 392 cum
793 357 838 392 N.
875 356 1062 391 varioloso
1100 367 1326 401 congruens,
1364 360 1557 391 structura
1593 367 1680 390 vero

151 416 302 451 omnino
328 416 492 458 diversa,
519 414 566 449 ad
591 415 734 450 Novam
760 413 978 448 Zelandiam
1006 413 1116 456 lecta,
1143 412 1294 447 nomine
1321 413 1453 457 Chrys.
1480 413 1679 457 apiculatae

152 484 266 518 supra
291 471 534 506 describitur.

154 580 218 620 14.
250 577 298 619 Ν.
332 577 498 619 SMITHII
529 566 686 630 (Hook.
718 580 757 618 et
787 576 922 618 Harv.
960 577 1005 617 in
1043 575 1179 617 Lond.
1218 575 1369 618 Journ.
1405 575 1485 618 IV
1500 590 1547 629 p.
1580 576 1682 630 256)

266 646 410 699 stipite
449 645 620 686 demum
652 645 918 691 subramoso,
952 643 1083 685 ramis
1115 643 1294 696 singulis
1324 644 1367 683 in
1397 643 1579 684 laminas
1611 657 1682 684 cu-

266 717 414 755 neatas
446 717 633 754 costatas
665 712 937 762 abeuntibus,
970 711 1098 752 costis
1127 724 1257 764 supra
1279 711 1445 764 stipites
1466 712 1509 751 in
1532 725 1682 752 nervos

267 781 544 824 obsoletiores
590 784 960 822 anastomosantes
1005 779 1168 830 solutis,
1207 779 1433 820 frondibus
1478 779 1682 820 coccineis

266 848 679 892 cuneato-flabellati
701 847 1026 901 ssubpalmatim
1050 847 1273 891 laciniatis.
1296 847 1462 888 laciniis
1480 851 1683 888 cuneato-

267 918 466 972 oblongis
496 931 522 958 a
553 917 747 971 margine
779 930 890 969 saepe
921 915 1151 969 proliferis,
1184 916 1300 957 venis
1342 915 1683 968 superficialibus

210 1025 212 1027 ,
267 1001 438 1029 sursum
469 986 638 1040 longius
670 986 921 1038 conspicuis,
955 985 1062 1026 soris
1093 984 1454 1038 punctiformibus
1486 999 1562 1038 per
1584 999 1683 1038 par-

268 1061 355 1098 tem
387 1055 652 1109 superiorem
683 1054 847 1095 frondis
880 1054 1052 1107 sparsis.
1084 1052 1129 1096 J.
1163 1052 1243 1105 Ay.
1269 1053 1340 1106 Sp.
1360 1067 1401 1106 p.
1425 1054 1516 1094 666.
1551 1053 1683 1094 Hoolc.

268 1130 305 1167 et
336 1124 474 1167 Ham).
508 1122 576 1166 Cr.
609 1122 710 1165 Ant.
742 1123 822 1164 tab.
858 1122 949 1164 178.
999 1121 1305 1176 Gryptopleura
1338 1121 1508 1165 Smithii
1556 1122 1685 1163 Kiae.

267 1193 351 1236 tab.
388 1192 515 1245 Phyc.
560 1190 647 1233 Vol.
687 1189 803 1232 XVI
834 1191 916 1231 tab.
949 1191 1013 1231 26.

423 1272 488 1314 Ad
518 1271 682 1313 insulas
713 1270 938 1311 Falkland.

160 1378 223 1419 15.
255 1376 307 1418 N.
338 1390 589 1418 LACINLATUM
620 1374 774 1434 (Hook.
807 1378 845 1415 et
875 1374 932 1415 H.
964 1375 1008 1415 in
1041 1374 1178 1415 Lond.
1211 1373 1364 1416 Jourfn.
1399 1373 1484 1416 IV.
1507 1388 1552 1426 p.
1586 1375 1686 1429 256)

273 1445 418 1498 stipite
449 1444 621 1485 demum
654 1443 847 1496 longiore
880 1456 1064 1495 superne
1097 1446 1276 1483 cuneato
1299 1446 1340 1482 et
1362 1445 1537 1485 costato.
1571 1446 1688 1483 costa

271 1526 403 1567 supra
433 1512 622 1565 stipitem
653 1512 696 1552 in
728 1524 880 1552 nervos
912 1510 1191 1552 obsoletiores
1223 1513 1592 1551 anastomosantes
1621 1525 1686 1551 so-

271 1582 376 1632 luta,
408 1580 561 1622 fronde
603 1594 821 1634 purpurea
862 1579 1412 1633 subpalmato-dichotoma,
1460 1580 1688 1633 segmentis

273 1649 674 1701 cuneato-oblongis
705 1662 851 1702 grosse
882 1647 1148 1701 pinnatifidis
1181 1647 1356 1695 obtusis,
1390 1647 1505 1688 venis
1538 1661 1685 1700 super-

271 1717 484 1759 ficialibus
516 1731 687 1758 sursum
717 1715 888 1770 longius
920 1715 1171 1769 conspicuis,
1195 1715 1301 1756 soris
1323 1715 1498 1756 minutis
1520 1716 1686 1768 puncti-

271 1787 482 1830 formibus
514 1786 796 1840 coccidiisque
827 1799 903 1839 per
934 1789 1101 1839 partem
1134 1784 1397 1837 superiorem
1437 1784 1608 1836 sparsis.
1641 1784 1686 1827 J.

273 1857 352 1909 Ay.
389 1855 459 1909 Sp.
482 1869 528 1908 p.
561 1856 653 1895 665.

428 1924 536 1966 Hab.
568 1923 623 1964 ad
654 1922 815 1964 insulas
847 1921 1005 1964 Oceani
1037 1921 1274 1962 antarctici.

254 2003 452 2047 Specimen
477 2003 623 2037 nullum
649 2001 909 2036 authenticum
936 2000 1026 2035 vidi.
1062 2000 1239 2035 Nostram
1258 1999 1304 2033 ad
1323 1998 1530 2042 specimina
1547 2010 1592 2032 ex
1611 1999 1686 2033 Ins.

161 2059 348 2095 Falkland
373 2059 640 2104 provenientia
667 2058 866 2102 descripsi.
917 2057 1025 2091 Suam
1053 2057 1099 2090 ad
1125 2057 1169 2090 N.
1196 2055 1487 2090 Bonnemaisoni
1514 2067 1691 2089 revocan-

163 2117 247 2151 dam
273 2127 356 2151 esse
382 2116 420 2150 in
446 2115 689 2160 posteriorib.
716 2114 894 2159 operibus
922 2116 1096 2147 statuunt
1121 2115 1293 2146 auctores
1326 2111 1477 2155 speciei.
1516 2112 1692 2146 Nostram

161 2173 287 2219 potius
313 2185 396 2209 cum
422 2174 467 2209 N.
494 2173 644 2208 Smithii
671 2183 880 2216 congruere
907 2174 1091 2215 putarem.
1128 2170 1237 2204 Soros
1265 2171 1320 2211 (in
1348 2170 1488 2205 nostris
1514 2170 1693 2215 inchoan-

163 2231 265 2276 tes?)
292 2241 399 2266 secus
428 2230 532 2264 sinus
558 2229 765 2263 lacinarum
794 2228 1000 2272 dispositos
1028 2227 1117 2261 vidi.

162 2346 321 2368 *******
355 2343 525 2388 Fronde
555 2344 875 2386 membranacea
906 2344 1117 2395 sttpitata,
1157 2345 1272 2383 costa
1294 2342 1399 2394 plus
1429 2343 1570 2384 minus
1601 2356 1691 2384 con-

276 2415 427 2467 spicua
457 2413 643 2466 stipitem
663 2414 948 2464 percurrente,
981 2425 1113 2463 supra
1148 2412 1335 2462 stipitem
1370 2412 1414 2452 in
1448 2425 1594 2452 nervos
1625 2415 1694 2452 sat

277 2481 522 2536 conspicuos
539 2481 806 2532 dichotomos,
821 2493 991 2522 sursum
1010 2479 1176 2531 lon-qius
1190 2482 1419 2531 porrectos,
1439 2482 1692 2521 transeunte.

167 2590 230 2630 16.
261 2587 311 2629 N.
343 2587 603 2629 GATTYANUM
635 2585 702 2640 (J.
734 2585 814 2638 Ay.
845 2589 987 2637 mser.)
1029 2585 1172 2637 stipite
1205 2618 1212 2624 .
1246 2617 1253 2624 .
1287 2617 1294 2624 .
1325 2584 1369 2623 in
1408 2596 1557 2624 nervos
1588 2583 1690 2624 vali-

279 2655 355 2696 dos
386 2654 846 2695 dichotomo-ramosos
879 2666 1047 2693 sursum
1087 2654 1397 2700 evanescentes,
1429 2654 1689 2701 transeunte,

280 2722 504 2764 frondibus
535 2721 757 2777 (singulis)
788 2721 981 2774 oblongis
1014 2718 1357 2773 simpliciusculis
1390 2718 1580 2771 margine
1602 2733 1690 2759 am-

279 2792 471 2847 plissimo
503 2790 904 2845 undulato-plicatis
936 2788 1187 2840 sublobatis‚
1223 2788 1330 2830 soris
1361 2786 1534 2828 minutis
1556 2786 1688 2841 pluri-
