1757 3114
132 146 418 202 Gallophyllis.
747 147 1029 189 GIGARTINEAE.
1583 148 1659 188 231

130 263 173 284 ‘³⁵²
197 261 394 304 Kalid-zfz's
415 262 474 302 im
484 260 675 314 fimbriis
697 263 772 302 aut
782 259 1071 313 processimus
1092 260 1407 314 weargyiwzalibus
1433 260 1660 302 &mmm-sis.

130 356 165 396 6.
196 353 240 395 C.
262 366 520 395 FLABELLATA
539 352 735 407 (Gronau
750 354 796 395 in
814 352 911 406 Azy.
932 352 1089 394 Finist.
1107 354 1277 409 exsicc.)
1293 352 1445 394 fronde
1468 352 1664 405 stipitata

240 421 540 464 orbiculariter
590 435 781 475 expansa
833 421 1378 474 dichotomo-subpalmata
1423 420 1663 462 flabellato-

240 490 477 544 fastigiata,
511 490 743 544 segmentis
774 490 925 531 mediis
948 490 1099 532 eximie
1127 490 1320 531 cuneatis
1342 489 1664 544 polychotomis,

239 558 540 600 terminalibus
572 558 693 612 apice
733 558 1016 605 subcrenatis,
1064 557 1332 611 capsuliferae
1378 558 1663 611 processubus

238 628 551 681 marginalibus
584 628 746 681 sparsis
778 627 942 668 kalidia
972 627 1176 668 immersa
1197 627 1460 680 gerentibus.
1484 652 1536 656 --
1557 627 1663 668 Pro-

238 710 382 738 cessus
399 696 662 749 marginales
685 695 931 750 capsuliferi
952 695 1137 749 majores
1160 709 1290 749 quam
1312 695 1355 736 in
1378 693 1422 737 C.
1447 695 1663 737 laciniata.

391 764 507 809 Hal).
534 765 589 806 ad
621 765 743 806 littus
775 765 1030 806 atlanticum
1062 764 1229 806 Galliae.

126 860 161 900 7.
194 856 239 899 C.
272 870 490 898 LACINIATA
523 856 688 911 (Huds.
720 856 849 910 Anyz.
872 870 920 909 10.
952 856 1054 911 579)
1076 855 1228 897 fronde
1250 856 1447 909 stipitata
1468 856 1663 898 suborbi-

236 925 442 968 culariter
459 938 650 978 expansa
671 924 1229 978 dichotomo-subpalmata,
1253 938 1437 978 superne
1459 924 1664 965 laciniata

235 998 278 1036 et
308 1008 333 1035 a
364 994 557 1048 margine
603 993 823 1047 prolifera,
870 994 1102 1048 segmentis
1134 994 1287 1035 mediis
1334 994 1487 1036 eximie
1534 1008 1661 1035 cune-

235 1064 317 1104 atis
348 1062 674 1117 polychotomis,
708 1063 1010 1105 terminalibus
1043 1063 1220 1113 obtusis,
1252 1062 1468 1104 fertilibus
1497 1063 1662 1104 densis-

234 1133 338 1174 sime
371 1132 532 1173 minute
563 1131 806 1182 fimbriatis,
839 1132 1022 1174 fimbriis
1064 1131 1228 1172 kalidia
1269 1132 1473 1173 immersa
1510 1146 1661 1185 geren—

233 1201 361 1243 tibus.
406 1200 452 1242 J.
484 1200 565 1253 Agy.
601 1200 673 1253 Sp.
703 1215 751 1254 p.
798 1201 892 1241 299.
942 1199 1079 1242 Ham).
1132 1199 1261 1253 Phyc.
1310 1200 1391 1242 Br.
1438 1200 1519 1242 tab.
1570 1201 1661 1240 121.

237 1269 367 1311 Kritz.
400 1269 482 1310 tab.
520 1268 647 1322 Physc.
693 1269 780 1311 Vol.
818 1268 975 1311 XVII
1002 1269 1084 1311 tab.
1117 1270 1182 1310 84.

232 1337 342 1379 Hab.
374 1337 418 1378 in
449 1336 655 1378 atlantico
689 1338 744 1378 ad
765 1336 915 1379 littora
936 1337 1137 1391 Europae.
1170 1337 1236 1378 Ad
1260 1337 1492 1379 Brasiliam
1515 1340 1557 1379 et
1579 1336 1661 1379 Ca-

382 1403 605 1446 liforniam
635 1405 747 1447 lecta
778 1405 948 1446 dicitur.

121 1499 157 1541 8.
189 1497 231 1540 C.
264 1511 563 1540 ANGUSTIFOLIA
593 1497 656 1550 (J.
690 1497 771 1552 Ay.
802 1501 943 1551 mser.)
976 1497 1129 1539 fronde
1169 1499 1367 1551 stipitata
1403 1497 1660 1539 suborbicu-

230 1566 383 1608 lariter
413 1580 605 1620 expansa
636 1566 882 1608 dichotoma
913 1570 989 1608 aut
1019 1567 1088 1607 hic
1127 1566 1214 1607 illic
1260 1565 1659 1620 subpolychotoma,

231 1636 462 1689 segmentis
484 1635 747 1689 patenti-bus,
778 1636 973 1677 omnibus
995 1636 1313 1677 sublinearibus
1336 1635 1456 1689 apice
1480 1635 1658 1683 obtusis,

230 1705 425 1757 margine
457 1704 621 1745 minute
653 1704 901 1754 crenulatis,
933 1704 1147 1745 fertilibus
1179 1737 1186 1744 .
1221 1739 1228 1745 .
1262 1738 1269 1745 .
1303 1738 1310 1745 .

379 1772 490 1814 Hab.
522 1772 578 1814 ad
609 1773 731 1814 littus
763 1772 982 1826 Hispania}
1014 1772 1238 1828 (Langel).

206 1854 368 1889 Habitus
393 1853 505 1898 hujus
533 1853 674 1898 speciei
712 1864 796 1887 cum
829 1853 1126 1898 Gymnogongro
1165 1853 1377 1898 crenulato,
1415 1853 1525 1897 quale
1563 1854 1659 1888 beno

119 1911 310 1945 evolutum
335 1910 442 1953 finxi,
467 1910 523 1944 ita
547 1910 741 1953 convenit,
767 1912 810 1943 ut
834 1912 1005 1944 nostram
1039 1920 1121 1943 cuni
1150 1909 1190 1943 G.
1219 1911 1418 1945 crenulato
1451 1909 1658 1945 idcnticam

113 1967 362 2013 judicaverim
389 1967 473 2012 (cfr.
502 1967 611 2001 Bzssdr.
647 1966 793 2001 Florid.
827 1966 979 2011 System.
1001 1978 1042 2011 2).
1070 1967 1143 2011 12),
1178 1969 1372 2001 structura
1402 1967 1614 2002 anatomica
1639 1980 1659 2001 a

117 2037 175 2060 me
200 2026 367 2060 nondum
393 2025 605 2060 accuratius
633 2027 862 2069 comparata.
897 2025 962 2059 Sin
981 2025 1050 2059 hoc
1068 2025 1178 2059 modo
1198 2029 1481 2070 comparantur,
1500 2026 1659 2071 adparet

118 2087 314 2128 utramque
352 2085 522 2129 plantam
563 2095 646 2117 esse
684 2083 837 2117 omnino
875 2083 1079 2117 diversam.
1129 2084 1172 2117 In
1199 2083 1242 2118 G.
1275 2085 1470 2119 crenulato
1508 2085 1656 2118 cellulae

118 2141 319 2176 interiores
345 2153 414 2186 per
439 2142 569 2186 plures
597 2140 716 2175 series
743 2140 955 2185 dispositae,
982 2140 1236 2175 exterioribus
1265 2142 1407 2175 sensim
1425 2141 1656 2181 minoribus3

117 2198 157 2232 in
183 2199 222 2233 C.
249 2198 497 2244 angustifolia
522 2201 612 2232 sunt
638 2199 787 2232 cellulae
813 2197 1018 2232 interiores
1044 2209 1113 2242 per
1133 2198 1220 2231 1÷2
1248 2198 1365 2232 series
1386 2198 1584 2243 dispositae
1605 2200 1656 2232 al-

118 2256 519 2300 ternantes,meatibus
546 2255 899 2290 intercellularibus
926 2256 1036 2290 modo
1063 2255 1356 2300 Callophyllidis
1377 2257 1554 2300 evolutis,
1581 2257 1656 2290 cel-

117 2313 213 2348 lulas
239 2312 510 2348 ambientibus.

118 2431 186 2472 IV.
220 2431 390 2472 Fronde
411 2430 554 2483 plana
586 2430 731 2472 latiori
762 2430 1034 2472 subehzdivesssa
1075 2431 1283 2472 lacimfata
1315 2435 1392 2472 aut
1420 2431 1656 2472 dichotonm.

219 2498 685 2552 prolfficatiomssbusque
716 2514 743 2540 a
774 2501 966 2551 wearcsine
996 2500 1298 2552 emerssentibus
1323 2500 1551 2552 fimbriata
1583 2502 1658 2540 azot

229 2567 722 2618 deeoanposito-pessormata,
781 2569 1062 2621 cystecarpiis
1117 2568 1409 2609 snb-solitariis
1450 2567 1655 2621 fimbrias

229 2634 541 2688 occupantibus.
601 2634 771 2688 Species
803 2636 893 2677 fere
925 2636 1412 2689 Calliblephariformes.

118 2740 154 2779 9.
186 2737 229 2780 C.
261 2738 693 2779 CALLIBLEPHAROIDES
740 2739 802 2790 (J.
834 2738 915 2791 Agl.
949 2742 1090 2790 mser.)
1136 2737 1289 2778 fronde
1336 2738 1467 2791 plana
1511 2737 1655 2779 latiori

229 2806 493 2848 subindivisa
524 2810 600 2846 aut
631 2821 815 2860 superne
847 2807 1041 2861 sparsius
1072 2806 1289 2857 lariniata,
1331 2806 1655 2859 prolificationi-

229 2875 309 2917 bus
354 2888 380 2915 a
426 2874 619 2928 margine
664 2877 1010 2919 excrescentibus
1061 2875 1273 2928 pinnatim.
1322 2875 1654 2928 subcomposita,
