1757 3114
1581 133 1660 174 693

241 261 379 301 pauca
411 246 662 294 subseriata‚
697 244 888 297 gelatina
909 243 1100 284 cohibita
1135 248 1403 297 generantes.
1466 246 1660 299 Sphcero-

241 329 378 369 sporoe
410 315 453 356 in
484 314 592 356 soris
624 313 788 354 ambitu
828 312 1016 353 definitis
1048 313 1356 365 provenientes,
1390 314 1503 354 intra
1529 329 1659 354 mem-

241 385 423 426 branam
446 384 742 428 incrassatam,
766 381 807 421 in
831 379 996 421 cellulis
1022 380 1133 421 infra
1155 381 1430 423 corticalibus
1454 383 1659 431 formatae,

241 451 456 506 triangule
487 450 646 492 divisae.

240 534 443 576 Plantula
488 530 736 585 perpusilla,
770 530 905 570 lineas
944 543 1103 582 paucas
1136 530 1274 583 longa,
1308 545 1440 583 supra
1472 531 1657 584 stipitem

126 603 424 644 brevissimum
457 605 502 642 at
533 600 770 641 evidentem
802 597 1056 639 orbicularis
1099 602 1174 638 aut
1205 598 1401 652 oblonga„
1435 599 1657 652 simplicis-

125 672 232 712 sima
262 675 338 711 aut
368 684 495 723 parce
526 669 686 715 lobata,
718 667 870 708 habitu
901 670 943 707 et
974 670 1194 707 structura
1226 666 1472 721 Nitophylli.
1524 668 1658 709 Frons

123 755 149 781 a
180 740 403 793 superficie
436 740 526 780 visa
556 737 843 791 pulcherrime
891 734 1095 780 areolata,
1144 735 1307 776 cellulis
1355 736 1531 777 binatim
1573 737 1657 785 (vix

123 809 437 864 quaternatim)
463 807 636 862 junctiS,
684 806 938 847 membrana
983 804 1236 845 cellularum
1282 805 1496 858 pellucida
1528 807 1656 847 endo-

123 877 300 918 chroma
346 876 600 924 coccineum,
647 878 796 915 mutua
842 873 1061 926 pressione
1108 872 1370 926 angulatam,
1418 879 1656 926 separante*

123 948 317 989 Dissecta
347 945 498 988 fronde
530 946 712 998 adparet
743 944 920 986 cellulas
952 957 1029 996 per
1061 943 1229 983 unicam
1263 943 1415 983 seriem
1448 958 1538 985 esse
1571 944 1655 985 dis-

121 1017 296 1069 positas,
330 1019 378 1055 ut
409 1015 489 1056 hoe
520 1027 691 1068 quoque
725 1013 768 1053 in
800 1010 1062 1065 Nitophyllis
1081 1011 1121 1066 ³¹³)
1156 1011 1310 1064 saepius
1343 1012 1545 1053 obtineat.
1607 1013 1655 1053 In

119 1084 271 1125 fronde
318 1082 576 1136 capsulifera
620 1080 786 1123 frondis
826 1078 990 1120 cellulae
1024 1079 1255 1120 directione
1288 1093 1432 1121 versus
1479 1081 1657 1134 paginas

120 1151 399 1194 transversali
445 1150 701 1203 elongantur
733 1153 775 1190 et
807 1147 1153 1194 subdividuntur,
1201 1147 1262 1188 ita
1308 1152 1355 1188 ut
1394 1162 1470 1200 per
1511 1148 1655 1201 plures

119 1220 250 1262 series
296 1220 422 1261 certis
468 1219 571 1260 loeis
618 1217 834 1271 dispositae
880 1216 1130 1270 adpareant.
1192 1215 1280 1255 Hoc
1328 1215 1451 1255 niodo
1499 1217 1654 1256 sensim

122 1288 364 1330 formantur
396 1287 650 1341 pericarpia‚
683 1301 816 1340 supra
846 1285 1049 1339 paginam
1089 1284 1654 1337 depresso-hemisphamica,

118 1356 284 1398 cellulis
332 1355 594 1398 subradiatis
640 1355 887 1403 constituta,
934 1353 1069 1394 radiis
1115 1353 1449 1406 carpostomium
1495 1368 1654 1401 versus„

118 1425 289 1466 demum
320 1425 363 1465 in
394 1438 479 1464 una
511 1423 670 1476 pagina
697 1426 908 1476 apertum,
931 1421 1302 1473 convergentibus,
1325 1421 1463 1462 altera
1486 1422 1653 1474 pagina,

116 1493 283 1535 cellulis
314 1492 450 1545 magis
483 1491 703 1545 parallelis
749 1490 933 1537 firmata,
982 1489 1223 1543 placentam
1258 1490 1506 1530 sustinente.
1568 1489 1655 1530 Nu-

116 1561 231 1603 cleus
265 1560 453 1601 minutus
487 1564 655 1600 constat
685 1558 767 1600 filis
800 1558 1053 1599 dichotomis
1084 1558 1357 1611 corymbosis‚
1388 1572 1653 1611 quoquover-

116 1644 208 1671 sum
242 1628 565 1681 hemisphaerice
597 1627 880 1676 radiantibus,
915 1626 1104 1680 gelatina
1136 1626 1348 1667 communi
1373 1626 1567 1667 nucleum
1590 1630 1652 1668 to-

117 1705 210 1740 tum
241 1702 316 1739 aut
348 1698 489 1751 potius
521 1697 641 1738 lobes
680 1696 969 1738 subdiscretos
1007 1695 1380 1737 conice-obovatos
1420 1696 1653 1737 cohibente.

117 1766 307 1808 Filorum
339 1780 439 1819 pars
470 1764 646 1806 inferior
694 1764 953 1817 placentaris
999 1764 1162 1805 tirmior
1208 1777 1350 1804 ramos
1396 1763 1653 1816 g<⁷=latinosos

116 1835 313 1877 loborum
346 1835 547 1880 sustinet:
580 1833 664 1874 lobi
696 1833 779 1873 filis
812 1832 1080 1874 evidentibus
1102 1832 1342 1873 articulatis
1364 1833 1543 1873 ramosis
1567 1832 1651 1873 for-

116 1904 234 1953 mati,
267 1903 460 1944 articulis
493 1902 789 1955 superioribus
822 1902 863 1942 in
896 1901 1127 1955 gemmidia
1158 1914 1295 1954 pauca
1327 1900 1516 1953 gelatina
1537 1901 1651 1941 cohi-

115 1973 206 2014 bita
238 1971 522 2019 abeuntibus;
555 1971 726 2013 articuli
759 1971 931 2012 filorum
963 1971 1205 2023 superiores
1237 1974 1276 2010 et
1309 1969 1531 2010 inferiores
1563 1970 1651 2010 fere

116 2039 448 2089 subconformes‚
482 2042 577 2091 (nec
610 2039 863 2092 superiores,
897 2043 944 2079 ut
976 2039 1019 2079 in
1050 2038 1321 2092 Nitophyllis,
1355 2038 1651 2089 magnitudine

116 2109 335 2164 eminent).
398 2108 447 2148 In
493 2107 645 2149 fronde
692 2107 1074 2161 spliaerosporifera
1120 2108 1206 2148 sori
1253 2107 1397 2160 plures
1444 2108 1594 2162 (34)
1625 2122 1651 2147 a

114 2177 207 2218 basi
241 2176 403 2229 apicem
436 2191 583 2218 versus
616 2181 851 2218 excurrunt
891 2176 1087 2223 lineares„
1120 2179 1162 2216 et
1193 2175 1484 2228 subparallcli,
1516 2176 1649 2215 crassi

115 2250 157 2286 et
187 2245 419 2286 admodum
450 2245 687 2298 conspicui3
720 2245 904 2286 dissecta
936 2244 1086 2285 fronde
1132 2243 1313 2296 adparet
1358 2242 1551 2283 frondem
1585 2242 1648 2283 his

115 2313 218 2354 loeis
249 2313 533 2354 incrassatam
566 2312 656 2354 fere
687 2313 947 2366 quintuplici
985 2312 1095 2353 serie
1136 2311 1387 2351 cellularum
1427 2324 1517 2350 esse
1549 2326 1647 2350 con-

115 2382 323 2431 stitutam,
357 2395 507 2433 nempe
538 2381 704 2421 cellulis
736 2381 920 2423 axilibuz
959 2380 1193 2434 (meatibus
1235 2378 1648 2432 intercellularibus)

114 2450 345 2492 admodum
378 2449 655 2502 compressis3
687 2449 752 2490 hae
785 2449 988 2501 utrinque
1035 2448 1265 2500 cinguntur
1311 2445 1476 2487 cellulis
1508 2459 1647 2498 praeg-

114 2520 317 2561 nantibus
351 2518 483 2559 multo
517 2518 764 2571 majoribus,
797 2518 1042 2572 (utrinque)
1075 2516 1255 2569 simplici
1278 2516 1386 2556 serie
1409 2515 1646 2567 (lispositis;

114 2589 295 2642 paginas
327 2588 498 2628 demum
531 2592 744 2640 occupant
774 2586 938 2628 cellulae
971 2585 1194 2626 corticales
1227 2585 1421 2625 minores.
1483 2583 1530 2623 In
1564 2582 1646 2623 cel-

113 2657 212 2699 lulis
244 2656 656 2697 infra-corticalibus
689 2657 1000 2710 spliaerosporae
1033 2654 1288 2704 rotundatae,
1327 2653 1541 2707 triangule
1582 2653 1645 2693 di-

114 2727 212 2768 visae
245 2726 497 2768 formantur.

205 2818 236 2861 *ja
265 2816 428 2851 Cellulas
454 2817 614 2853 binatim
635 2818 786 2864 junctas
812 2818 849 2852 in
878 2817 981 2853 nulla
1008 2828 1096 2853 vera
1133 2816 1258 2862 specie
1296 2815 1505 2862 Nitophylli
1534 2816 1643 2850 obve-

113 2873 195 2909 nire
222 2873 405 2919 suspicor.
