<?xml version="1.0" encoding="UTF-8"?>
<!DOCTYPE html PUBLIC "-//W3C//DTD XHTML 1.0 Transitional//EN"
    "http://www.w3.org/TR/xhtml1/DTD/xhtml1-transitional.dtd">
<html xmlns="http://www.w3.org/1999/xhtml" xml:lang="en" lang="en">
 <head>
  <title>
</title>
<meta http-equiv="Content-Type" content="text/html;charset=utf-8" />
  <meta name='ocr-system' content='tesseract 3.04.00' />
  <meta name='ocr-capabilities' content='ocr_page ocr_carea ocr_par ocr_line ocrx_word'/>
</head>
<body>
  <div class='ocr_page' id='page_1' title='image "./speciesgeneraeto0301agar_0592.png"; bbox 0 0 1757 3114; ppageno 0'>
   <div class='ocr_carea' id='block_1_1' title="bbox 135 125 214 164">
    <p class='ocr_par' dir='ltr' id='par_1_1' title="bbox 135 125 214 164">
     <span class='ocr_line' id='line_1_1' title="bbox 135 125 214 164; baseline 0 -1"><span class='ocrx_word' id='word_1_1' title='bbox 135 125 214 164; x_wconf 77' lang='lat'>576</span> 
     </span>
    </p>
   </div>
   <div class='ocr_carea' id='block_1_2' title="bbox 407 855 1317 929">
    <p class='ocr_par' dir='ltr' id='par_1_2' title="bbox 407 855 1317 929">
     <span class='ocr_line' id='line_1_2' title="bbox 407 855 1317 929; baseline 0.005 -5"><span class='ocrx_word' id='word_1_2' title='bbox 407 855 569 929; x_wconf 71' lang='lat' dir='ltr'>(llum</span> <span class='ocrx_word' id='word_1_3' title='bbox 617 858 812 926; x_wconf 81' lang='lat' dir='ltr'>xvlll.</span> <span class='ocrx_word' id='word_1_4' title='bbox 908 858 1317 929; x_wconf 72' lang='lat' dir='ltr'><strong>SOLIEROEAE.</strong></span> 
     </span>
    </p>
   </div>
   <div class='ocr_carea' id='block_1_3' title="bbox 114 1015 1657 2918">
    <p class='ocr_par' dir='ltr' id='par_1_3' title="bbox 119 1015 1657 1826">
     <span class='ocr_line' id='line_1_3' title="bbox 237 1015 1656 1075; baseline 0.004 -19"><span class='ocrx_word' id='word_1_5' title='bbox 237 1015 355 1070; x_wconf 83' lang='lat' dir='ltr'>Algae</span> <span class='ocrx_word' id='word_1_6' title='bbox 386 1016 684 1068; x_wconf 71' lang='lat' dir='ltr'>inarticulatae,</span> <span class='ocrx_word' id='word_1_7' title='bbox 717 1017 927 1059; x_wconf 83' lang='lat' dir='ltr'>tubulosae</span> <span class='ocrx_word' id='word_1_8' title='bbox 959 1022 1002 1059; x_wconf 87' lang='lat' dir='ltr'>et</span> <span class='ocrx_word' id='word_1_9' title='bbox 1031 1018 1114 1060; x_wconf 85' lang='lat' dir='ltr'>filis</span> <span class='ocrx_word' id='word_1_10' title='bbox 1156 1033 1382 1072; x_wconf 70' lang='lat' dir='ltr'>percursae,</span> <span class='ocrx_word' id='word_1_11' title='bbox 1415 1023 1490 1061; x_wconf 89' lang='lat' dir='ltr'>aut</span> <span class='ocrx_word' id='word_1_12' title='bbox 1520 1019 1656 1075; x_wconf 75' lang='lat' dir='ltr'>magis</span> 
     </span>
     <span class='ocr_line' id='line_1_4' title="bbox 125 1083 1657 1144; baseline 0.005 -20"><span class='ocrx_word' id='word_1_13' title='bbox 125 1083 273 1126; x_wconf 85' lang='lat' dir='ltr'>farctae</span> <span class='ocrx_word' id='word_1_14' title='bbox 296 1090 338 1126; x_wconf 90' lang='lat' dir='ltr'>et</span> <span class='ocrx_word' id='word_1_15' title='bbox 358 1085 463 1127; x_wconf 88' lang='lat' dir='ltr'>tubo</span> <span class='ocrx_word' id='word_1_16' title='bbox 485 1085 586 1128; x_wconf 87' lang='lat' dir='ltr'>axili</span> <span class='ocrx_word' id='word_1_17' title='bbox 610 1090 685 1127; x_wconf 89' lang='lat' dir='ltr'>aut</span> <span class='ocrx_word' id='word_1_18' title='bbox 707 1090 842 1128; x_wconf 86' lang='lat' dir='ltr'>strato</span> <span class='ocrx_word' id='word_1_19' title='bbox 863 1087 1092 1129; x_wconf 88' lang='lat' dir='ltr'>medullari</span> <span class='ocrx_word' id='word_1_20' title='bbox 1115 1088 1346 1130; x_wconf 81' lang='lat' dir='ltr'>instructae.</span> <span class='ocrx_word' id='word_1_21' title='bbox 1379 1087 1657 1144; x_wconf 86' lang='lat' dir='ltr'>Cystocarpia</span> 
     </span>
     <span class='ocr_line' id='line_1_5' title="bbox 124 1152 1652 1211; baseline 0.005 -18"><span class='ocrx_word' id='word_1_22' title='bbox 124 1152 266 1194; x_wconf 84' lang='lat' dir='ltr'>frondi</span> <span class='ocrx_word' id='word_1_23' title='bbox 304 1153 507 1195; x_wconf 87' lang='lat' dir='ltr'>immersa</span> <span class='ocrx_word' id='word_1_24' title='bbox 537 1159 613 1195; x_wconf 87' lang='lat' dir='ltr'>aut</span> <span class='ocrx_word' id='word_1_25' title='bbox 644 1154 758 1195; x_wconf 88' lang='lat' dir='ltr'>intra</span> <span class='ocrx_word' id='word_1_26' title='bbox 797 1155 1087 1209; x_wconf 89' lang='lat' dir='ltr'>pericarpium</span> <span class='ocrx_word' id='word_1_27' title='bbox 1127 1157 1431 1210; x_wconf 88' lang='lat' dir='ltr'>subproprium</span> <span class='ocrx_word' id='word_1_28' title='bbox 1462 1163 1652 1211; x_wconf 85' lang='lat' dir='ltr'>excepta,</span> 
     </span>
     <span class='ocr_line' id='line_1_6' title="bbox 123 1220 1655 1277; baseline 0.004 -16"><span class='ocrx_word' id='word_1_29' title='bbox 123 1220 321 1262; x_wconf 79' lang='lat' dir='ltr'>nucleum</span> <span class='ocrx_word' id='word_1_30' title='bbox 354 1222 717 1275; x_wconf 88' lang='lat' dir='ltr'>subcompositum</span> <span class='ocrx_word' id='word_1_31' title='bbox 749 1224 1030 1273; x_wconf 84' lang='lat' dir='ltr'>continentia3</span> <span class='ocrx_word' id='word_1_32' title='bbox 1068 1223 1268 1277; x_wconf 88' lang='lat' dir='ltr'>placenta</span> <span class='ocrx_word' id='word_1_33' title='bbox 1304 1225 1347 1265; x_wconf 89' lang='lat' dir='ltr'>in</span> <span class='ocrx_word' id='word_1_34' title='bbox 1379 1225 1528 1267; x_wconf 91' lang='lat' dir='ltr'>nucleo</span> <span class='ocrx_word' id='word_1_35' title='bbox 1559 1240 1655 1267; x_wconf 87' lang='lat' dir='ltr'>cen-</span> 
     </span>
     <span class='ocr_line' id='line_1_7' title="bbox 121 1288 1652 1344; baseline 0.003 -14"><span class='ocrx_word' id='word_1_36' title='bbox 121 1288 256 1340; x_wconf 86' lang='lat' dir='ltr'>tralis,</span> <span class='ocrx_word' id='word_1_37' title='bbox 289 1290 443 1343; x_wconf 88' lang='lat' dir='ltr'>saepius</span> <span class='ocrx_word' id='word_1_38' title='bbox 474 1289 556 1331; x_wconf 89' lang='lat' dir='ltr'>filis</span> <span class='ocrx_word' id='word_1_39' title='bbox 588 1290 641 1331; x_wconf 88' lang='lat' dir='ltr'>ad</span> <span class='ocrx_word' id='word_1_40' title='bbox 664 1290 836 1344; x_wconf 87' lang='lat' dir='ltr'>plexum</span> <span class='ocrx_word' id='word_1_41' title='bbox 867 1291 1064 1333; x_wconf 81' lang='lat' dir='ltr'>nucleum</span> <span class='ocrx_word' id='word_1_42' title='bbox 1095 1292 1372 1334; x_wconf 84' lang='lat' dir='ltr'>circumcirca</span> <span class='ocrx_word' id='word_1_43' title='bbox 1393 1293 1652 1336; x_wconf 82' lang='lat' dir='ltr'>ambientem</span> 
     </span>
     <span class='ocr_line' id='line_1_8' title="bbox 122 1360 1655 1414; baseline 0.004 -14"><span class='ocrx_word' id='word_1_44' title='bbox 122 1360 448 1401; x_wconf 78' lang='lat' dir='ltr'>excurrentibus</span> <span class='ocrx_word' id='word_1_45' title='bbox 481 1374 699 1413; x_wconf 82' lang='lat' dir='ltr'>suspensa,</span> <span class='ocrx_word' id='word_1_46' title='bbox 730 1361 813 1402; x_wconf 86' lang='lat' dir='ltr'>filis</span> <span class='ocrx_word' id='word_1_47' title='bbox 844 1362 1011 1403; x_wconf 90' lang='lat' dir='ltr'>coalitis</span> <span class='ocrx_word' id='word_1_48' title='bbox 1042 1363 1294 1414; x_wconf 81' lang='lat' dir='ltr'>constituta3</span> <span class='ocrx_word' id='word_1_49' title='bbox 1328 1362 1509 1405; x_wconf 90' lang='lat' dir='ltr'>nucleoli</span> <span class='ocrx_word' id='word_1_50' title='bbox 1541 1365 1655 1406; x_wconf 89' lang='lat' dir='ltr'>circa</span> 
     </span>
     <span class='ocr_line' id='line_1_9' title="bbox 120 1427 1650 1486; baseline 0.003 -18"><span class='ocrx_word' id='word_1_51' title='bbox 120 1427 362 1480; x_wconf 88' lang='lat' dir='ltr'>placentam</span> <span class='ocrx_word' id='word_1_52' title='bbox 392 1428 596 1469; x_wconf 89' lang='lat' dir='ltr'>radiatim</span> <span class='ocrx_word' id='word_1_53' title='bbox 628 1429 835 1483; x_wconf 71' lang='lat' dir='ltr'>dispositi,</span> <span class='ocrx_word' id='word_1_54' title='bbox 867 1430 1075 1472; x_wconf 89' lang='lat' dir='ltr'>columnis</span> <span class='ocrx_word' id='word_1_55' title='bbox 1105 1430 1275 1472; x_wconf 83' lang='lat' dir='ltr'>filorum</span> <span class='ocrx_word' id='word_1_56' title='bbox 1307 1431 1516 1473; x_wconf 92' lang='lat' dir='ltr'>sterilium</span> <span class='ocrx_word' id='word_1_57' title='bbox 1537 1446 1650 1486; x_wconf 89' lang='lat' dir='ltr'>saepe</span> 
     </span>
     <span class='ocr_line' id='line_1_10' title="bbox 120 1496 1650 1554; baseline 0.003 -17"><span class='ocrx_word' id='word_1_58' title='bbox 120 1496 360 1550; x_wconf 80' lang='lat' dir='ltr'>intercepti,</span> <span class='ocrx_word' id='word_1_59' title='bbox 408 1497 621 1539; x_wconf 86' lang='lat' dir='ltr'>fasciculis</span> <span class='ocrx_word' id='word_1_60' title='bbox 666 1497 978 1552; x_wconf 83' lang='lat' dir='ltr'>subfastigiatis</span> <span class='ocrx_word' id='word_1_61' title='bbox 1014 1499 1186 1541; x_wconf 86' lang='lat' dir='ltr'>filorum</span> <span class='ocrx_word' id='word_1_62' title='bbox 1217 1500 1533 1554; x_wconf 79' lang='lat' dir='ltr'>praegnantium</span> <span class='ocrx_word' id='word_1_63' title='bbox 1564 1500 1650 1542; x_wconf 86' lang='lat' dir='ltr'>for-</span> 
     </span>
     <span class='ocr_line' id='line_1_11' title="bbox 121 1565 1649 1619; baseline 0.003 -13"><span class='ocrx_word' id='word_1_64' title='bbox 121 1566 246 1617; x_wconf 79' lang='lat' dir='ltr'>mati3</span> <span class='ocrx_word' id='word_1_65' title='bbox 277 1565 351 1607; x_wconf 89' lang='lat' dir='ltr'>fila</span> <span class='ocrx_word' id='word_1_66' title='bbox 382 1566 696 1619; x_wconf 85' lang='lat' dir='ltr'>gemmidiifera</span> <span class='ocrx_word' id='word_1_67' title='bbox 728 1571 970 1609; x_wconf 83' lang='lat' dir='ltr'>extrorsum</span> <span class='ocrx_word' id='word_1_68' title='bbox 1015 1568 1243 1618; x_wconf 79' lang='lat' dir='ltr'>radiantia,</span> <span class='ocrx_word' id='word_1_69' title='bbox 1289 1569 1467 1611; x_wconf 89' lang='lat' dir='ltr'>invicem</span> <span class='ocrx_word' id='word_1_70' title='bbox 1512 1570 1649 1611; x_wconf 90' lang='lat' dir='ltr'>libera</span> 
     </span>
     <span class='ocr_line' id='line_1_12' title="bbox 120 1636 1647 1691; baseline 0.003 -16"><span class='ocrx_word' id='word_1_71' title='bbox 120 1636 353 1677; x_wconf 86' lang='lat' dir='ltr'>articulata</span> <span class='ocrx_word' id='word_1_72' title='bbox 384 1636 613 1684; x_wconf 75' lang='lat' dir='ltr'>ramulosa,</span> <span class='ocrx_word' id='word_1_73' title='bbox 646 1637 688 1677; x_wconf 94' lang='lat' dir='ltr'>in</span> <span class='ocrx_word' id='word_1_74' title='bbox 711 1636 903 1678; x_wconf 87' lang='lat' dir='ltr'>articulis</span> <span class='ocrx_word' id='word_1_75' title='bbox 924 1637 1222 1679; x_wconf 85' lang='lat' dir='ltr'>terminalibus</span> <span class='ocrx_word' id='word_1_76' title='bbox 1244 1637 1511 1679; x_wconf 88' lang='lat' dir='ltr'>ramulorum</span> <span class='ocrx_word' id='word_1_77' title='bbox 1532 1652 1647 1691; x_wconf 83' lang='lat' dir='ltr'>gem-</span> 
     </span>
     <span class='ocr_line' id='line_1_13' title="bbox 119 1704 1648 1761; baseline 0.002 -16"><span class='ocrx_word' id='word_1_78' title='bbox 119 1704 252 1746; x_wconf 88' lang='lat' dir='ltr'>midia</span> <span class='ocrx_word' id='word_1_79' title='bbox 296 1705 466 1759; x_wconf 80' lang='lat' dir='ltr'>singula</span> <span class='ocrx_word' id='word_1_80' title='bbox 510 1705 948 1760; x_wconf 86' lang='lat' dir='ltr'>clavato-pyriformia</span> <span class='ocrx_word' id='word_1_81' title='bbox 995 1708 1256 1759; x_wconf 79' lang='lat' dir='ltr'>generantia.</span> <span class='ocrx_word' id='word_1_82' title='bbox 1332 1706 1648 1761; x_wconf 83' lang='lat' dir='ltr'>Sphaerosporae</span> 
     </span>
     <span class='ocr_line' id='line_1_14' title="bbox 121 1773 1046 1826; baseline 0.001 -13"><span class='ocrx_word' id='word_1_83' title='bbox 121 1773 347 1814; x_wconf 87' lang='lat' dir='ltr'>cruciatim</span> <span class='ocrx_word' id='word_1_84' title='bbox 379 1778 454 1814; x_wconf 87' lang='lat' dir='ltr'>aut</span> <span class='ocrx_word' id='word_1_85' title='bbox 484 1773 639 1826; x_wconf 89' lang='lat' dir='ltr'>saepius</span> <span class='ocrx_word' id='word_1_86' title='bbox 670 1774 856 1814; x_wconf 86' lang='lat' dir='ltr'>zonatim</span> <span class='ocrx_word' id='word_1_87' title='bbox 889 1773 1046 1815; x_wconf 87' lang='lat' dir='ltr'>divisae.</span> 
     </span>
    </p>

    <p class='ocr_par' dir='ltr' id='par_1_4' title="bbox 115 1840 1647 2636">
     <span class='ocr_line' id='line_1_15' title="bbox 231 1840 1645 1897; baseline 0.003 -16"><span class='ocrx_word' id='word_1_88' title='bbox 231 1840 446 1882; x_wconf 85' lang='lat' dir='ltr'>Solierieae</span> <span class='ocrx_word' id='word_1_89' title='bbox 478 1841 799 1883; x_wconf 87' lang='lat' dir='ltr'>characteribus</span> <span class='ocrx_word' id='word_1_90' title='bbox 831 1855 853 1883; x_wconf 95' lang='lat' dir='ltr'>e</span> <span class='ocrx_word' id='word_1_91' title='bbox 884 1845 1104 1883; x_wconf 85' lang='lat' dir='ltr'>structura</span> <span class='ocrx_word' id='word_1_92' title='bbox 1135 1846 1176 1883; x_wconf 85' lang='lat' dir='ltr'>et</span> <span class='ocrx_word' id='word_1_93' title='bbox 1214 1842 1490 1896; x_wconf 86' lang='lat' dir='ltr'>dispositione</span> <span class='ocrx_word' id='word_1_94' title='bbox 1522 1857 1645 1897; x_wconf 80' lang='lat' dir='ltr'>orga-</span> 
     </span>
     <span class='ocr_line' id='line_1_16' title="bbox 118 1909 1646 1964; baseline 0.002 -15"><span class='ocrx_word' id='word_1_95' title='bbox 118 1923 270 1950; x_wconf 89' lang='lat' dir='ltr'>norum</span> <span class='ocrx_word' id='word_1_96' title='bbox 303 1910 557 1963; x_wconf 87' lang='lat' dir='ltr'>cystocarpii</span> <span class='ocrx_word' id='word_1_97' title='bbox 588 1909 734 1962; x_wconf 86' lang='lat' dir='ltr'>petitis</span> <span class='ocrx_word' id='word_1_98' title='bbox 771 1910 881 1951; x_wconf 87' lang='lat' dir='ltr'>inter</span> <span class='ocrx_word' id='word_1_99' title='bbox 926 1909 1071 1963; x_wconf 89' lang='lat' dir='ltr'>plures</span> <span class='ocrx_word' id='word_1_100' title='bbox 1116 1909 1287 1951; x_wconf 87' lang='lat' dir='ltr'>ordines</span> <span class='ocrx_word' id='word_1_101' title='bbox 1333 1910 1646 1964; x_wconf 87' lang='lat' dir='ltr'>quodammodo</span> 
     </span>
     <span class='ocr_line' id='line_1_17' title="bbox 117 1977 1645 2032; baseline 0.001 -14"><span class='ocrx_word' id='word_1_102' title='bbox 117 1977 381 2019; x_wconf 85' lang='lat' dir='ltr'>intermediae</span> <span class='ocrx_word' id='word_1_103' title='bbox 413 1978 662 2031; x_wconf 86' lang='lat' dir='ltr'>adpareant.</span> <span class='ocrx_word' id='word_1_104' title='bbox 705 1978 854 2027; x_wconf 83' lang='lat' dir='ltr'>Quoad</span> <span class='ocrx_word' id='word_1_105' title='bbox 884 1978 1204 2031; x_wconf 85' lang='lat' dir='ltr'>dispositionem</span> <span class='ocrx_word' id='word_1_106' title='bbox 1236 1992 1385 2032; x_wconf 89' lang='lat' dir='ltr'>nempe</span> <span class='ocrx_word' id='word_1_107' title='bbox 1416 1993 1512 2020; x_wconf 89' lang='lat' dir='ltr'>cum</span> <span class='ocrx_word' id='word_1_108' title='bbox 1541 1979 1645 2021; x_wconf 83' lang='lat' dir='ltr'>Are-</span> 
     </span>
     <span class='ocr_line' id='line_1_18' title="bbox 117 2045 1647 2100; baseline 0.002 -14"><span class='ocrx_word' id='word_1_109' title='bbox 117 2046 357 2098; x_wconf 83' lang='lat' dir='ltr'>schougieis</span> <span class='ocrx_word' id='word_1_110' title='bbox 387 2046 594 2099; x_wconf 85' lang='lat' dir='ltr'>insignem</span> <span class='ocrx_word' id='word_1_111' title='bbox 626 2045 811 2087; x_wconf 82' lang='lat' dir='ltr'>offerunt</span> <span class='ocrx_word' id='word_1_112' title='bbox 841 2046 1085 2100; x_wconf 85' lang='lat' dir='ltr'>aualogiam</span> <span class='ocrx_word' id='word_1_113' title='bbox 1104 2045 1331 2087; x_wconf 89' lang='lat' dir='ltr'>—nucleo</span> <span class='ocrx_word' id='word_1_114' title='bbox 1363 2061 1513 2100; x_wconf 91' lang='lat' dir='ltr'>nempe</span> <span class='ocrx_word' id='word_1_115' title='bbox 1534 2062 1647 2090; x_wconf 87' lang='lat' dir='ltr'>com-</span> 
     </span>
     <span class='ocr_line' id='line_1_19' title="bbox 117 2113 1646 2168; baseline 0.001 -13"><span class='ocrx_word' id='word_1_116' title='bbox 117 2115 268 2167; x_wconf 89' lang='lat' dir='ltr'>posito,</span> <span class='ocrx_word' id='word_1_117' title='bbox 300 2114 500 2168; x_wconf 87' lang='lat' dir='ltr'>placenta</span> <span class='ocrx_word' id='word_1_118' title='bbox 530 2113 710 2155; x_wconf 89' lang='lat' dir='ltr'>centrali</span> <span class='ocrx_word' id='word_1_119' title='bbox 732 2118 774 2154; x_wconf 90' lang='lat' dir='ltr'>et</span> <span class='ocrx_word' id='word_1_120' title='bbox 793 2114 876 2155; x_wconf 90' lang='lat' dir='ltr'>filis</span> <span class='ocrx_word' id='word_1_121' title='bbox 899 2113 1221 2168; x_wconf 83' lang='lat' dir='ltr'>gemmidiiferis</span> <span class='ocrx_word' id='word_1_122' title='bbox 1253 2114 1530 2157; x_wconf 86' lang='lat' dir='ltr'>circumcirca</span> <span class='ocrx_word' id='word_1_123' title='bbox 1552 2130 1646 2157; x_wconf 90' lang='lat' dir='ltr'>evo-</span> 
     </span>
     <span class='ocr_line' id='line_1_20' title="bbox 116 2181 1643 2236; baseline 0.001 -12"><span class='ocrx_word' id='word_1_124' title='bbox 116 2182 219 2224; x_wconf 89' lang='lat' dir='ltr'>lutis</span> <span class='ocrx_word' id='word_1_125' title='bbox 250 2187 292 2224; x_wconf 93' lang='lat' dir='ltr'>et</span> <span class='ocrx_word' id='word_1_126' title='bbox 321 2182 609 2236; x_wconf 89' lang='lat' dir='ltr'>peripheriam</span> <span class='ocrx_word' id='word_1_127' title='bbox 641 2196 786 2223; x_wconf 86' lang='lat' dir='ltr'>versus</span> <span class='ocrx_word' id='word_1_128' title='bbox 817 2182 1098 2224; x_wconf 89' lang='lat' dir='ltr'>radiantibus.</span> <span class='ocrx_word' id='word_1_129' title='bbox 1159 2181 1267 2223; x_wconf 88' lang='lat' dir='ltr'>Sunt</span> <span class='ocrx_word' id='word_1_130' title='bbox 1307 2196 1405 2223; x_wconf 86' lang='lat' dir='ltr'>vero</span> <span class='ocrx_word' id='word_1_131' title='bbox 1437 2183 1479 2224; x_wconf 91' lang='lat' dir='ltr'>in</span> <span class='ocrx_word' id='word_1_132' title='bbox 1510 2183 1643 2225; x_wconf 89' lang='lat' dir='ltr'>Solie-</span> 
     </span>
     <span class='ocr_line' id='line_1_21' title="bbox 116 2249 1645 2304; baseline 0.001 -12"><span class='ocrx_word' id='word_1_133' title='bbox 116 2251 217 2292; x_wconf 89' lang='lat' dir='ltr'>rieis</span> <span class='ocrx_word' id='word_1_134' title='bbox 247 2250 322 2291; x_wconf 88' lang='lat' dir='ltr'>fila</span> <span class='ocrx_word' id='word_1_135' title='bbox 351 2249 665 2304; x_wconf 82' lang='lat' dir='ltr'>gemniidiifera</span> <span class='ocrx_word' id='word_1_136' title='bbox 694 2250 873 2291; x_wconf 88' lang='lat' dir='ltr'>invicem</span> <span class='ocrx_word' id='word_1_137' title='bbox 904 2249 1053 2299; x_wconf 79' lang='lat' dir='ltr'>libera,</span> <span class='ocrx_word' id='word_1_138' title='bbox 1086 2253 1128 2290; x_wconf 96' lang='lat' dir='ltr'>et</span> <span class='ocrx_word' id='word_1_139' title='bbox 1147 2249 1191 2290; x_wconf 91' lang='lat' dir='ltr'>in</span> <span class='ocrx_word' id='word_1_140' title='bbox 1213 2250 1405 2291; x_wconf 87' lang='lat' dir='ltr'>articulis</span> <span class='ocrx_word' id='word_1_141' title='bbox 1436 2252 1645 2293; x_wconf 90' lang='lat' dir='ltr'>termina-</span> 
     </span>
     <span class='ocr_line' id='line_1_22' title="bbox 116 2317 1646 2372; baseline 0.001 -12"><span class='ocrx_word' id='word_1_142' title='bbox 116 2319 226 2360; x_wconf 87' lang='lat' dir='ltr'>libus</span> <span class='ocrx_word' id='word_1_143' title='bbox 256 2318 523 2360; x_wconf 89' lang='lat' dir='ltr'>ramulorum</span> <span class='ocrx_word' id='word_1_144' title='bbox 554 2318 785 2371; x_wconf 83' lang='lat' dir='ltr'>gemmidia</span> <span class='ocrx_word' id='word_1_145' title='bbox 816 2317 985 2372; x_wconf 82' lang='lat' dir='ltr'>singula</span> <span class='ocrx_word' id='word_1_146' title='bbox 1015 2317 1267 2372; x_wconf 86' lang='lat' dir='ltr'>pyriformia</span> <span class='ocrx_word' id='word_1_147' title='bbox 1298 2320 1570 2371; x_wconf 80' lang='lat' dir='ltr'>generantia3</span> <span class='ocrx_word' id='word_1_148' title='bbox 1602 2321 1646 2362; x_wconf 90' lang='lat' dir='ltr'>in</span> 
     </span>
     <span class='ocr_line' id='line_1_23' title="bbox 117 2385 1644 2439; baseline 0.001 -11"><span class='ocrx_word' id='word_1_149' title='bbox 117 2386 443 2439; x_wconf 81' lang='lat' dir='ltr'>Areschougieis</span> <span class='ocrx_word' id='word_1_150' title='bbox 474 2386 547 2428; x_wconf 88' lang='lat' dir='ltr'>fila</span> <span class='ocrx_word' id='word_1_151' title='bbox 577 2385 900 2439; x_wconf 86' lang='lat' dir='ltr'>gemmidiifera,</span> <span class='ocrx_word' id='word_1_152' title='bbox 922 2385 1112 2439; x_wconf 84' lang='lat' dir='ltr'>gelatina</span> <span class='ocrx_word' id='word_1_153' title='bbox 1143 2385 1342 2437; x_wconf 89' lang='lat' dir='ltr'>cohibita,</span> <span class='ocrx_word' id='word_1_154' title='bbox 1376 2387 1419 2427; x_wconf 91' lang='lat' dir='ltr'>in</span> <span class='ocrx_word' id='word_1_155' title='bbox 1449 2387 1644 2429; x_wconf 87' lang='lat' dir='ltr'>articulis</span> 
     </span>
     <span class='ocr_line' id='line_1_24' title="bbox 116 2454 1643 2509; baseline 0.001 -12"><span class='ocrx_word' id='word_1_156' title='bbox 116 2455 410 2509; x_wconf 88' lang='lat' dir='ltr'>superioribus</span> <span class='ocrx_word' id='word_1_157' title='bbox 441 2454 671 2509; x_wconf 85' lang='lat' dir='ltr'>gemmidia</span> <span class='ocrx_word' id='word_1_158' title='bbox 701 2454 828 2508; x_wconf 91' lang='lat' dir='ltr'>plura</span> <span class='ocrx_word' id='word_1_159' title='bbox 866 2454 1135 2507; x_wconf 85' lang='lat' dir='ltr'>conglobata,</span> <span class='ocrx_word' id='word_1_160' title='bbox 1173 2455 1296 2508; x_wconf 90' lang='lat' dir='ltr'>quasi</span> <span class='ocrx_word' id='word_1_161' title='bbox 1327 2455 1370 2495; x_wconf 95' lang='lat' dir='ltr'>in</span> <span class='ocrx_word' id='word_1_162' title='bbox 1401 2469 1523 2498; x_wconf 89' lang='lat' dir='ltr'>muco</span> <span class='ocrx_word' id='word_1_163' title='bbox 1555 2457 1643 2498; x_wconf 90' lang='lat' dir='ltr'>sine</span> 
     </span>
     <span class='ocr_line' id='line_1_25' title="bbox 116 2525 1641 2580; baseline 0.001 -13"><span class='ocrx_word' id='word_1_164' title='bbox 116 2526 266 2568; x_wconf 88' lang='lat' dir='ltr'>ordine</span> <span class='ocrx_word' id='word_1_165' title='bbox 297 2525 551 2575; x_wconf 87' lang='lat' dir='ltr'>nidulantia,</span> <span class='ocrx_word' id='word_1_166' title='bbox 584 2530 626 2566; x_wconf 91' lang='lat' dir='ltr'>et</span> <span class='ocrx_word' id='word_1_167' title='bbox 656 2529 805 2567; x_wconf 89' lang='lat' dir='ltr'>mutua</span> <span class='ocrx_word' id='word_1_168' title='bbox 841 2525 1059 2578; x_wconf 87' lang='lat' dir='ltr'>pressione</span> <span class='ocrx_word' id='word_1_169' title='bbox 1098 2525 1560 2580; x_wconf 83' lang='lat' dir='ltr'>rotundato-angulata</span> <span class='ocrx_word' id='word_1_170' title='bbox 1580 2527 1641 2568; x_wconf 87' lang='lat' dir='ltr'>fo-</span> 
     </span>
     <span class='ocr_line' id='line_1_26' title="bbox 115 2598 225 2636; baseline 0 0"><span class='ocrx_word' id='word_1_171' title='bbox 115 2598 225 2636; x_wconf 88' lang='lat' dir='ltr'>vent.</span> 
     </span>
    </p>

    <p class='ocr_par' dir='ltr' id='par_1_5' title="bbox 114 2660 1640 2918">
     <span class='ocr_line' id='line_1_27' title="bbox 228 2660 1640 2716; baseline 0 -12"><span class='ocrx_word' id='word_1_172' title='bbox 228 2662 378 2713; x_wconf 79' lang='lat' dir='ltr'>Quoad</span> <span class='ocrx_word' id='word_1_173' title='bbox 399 2666 662 2704; x_wconf 87' lang='lat' dir='ltr'>structuram</span> <span class='ocrx_word' id='word_1_174' title='bbox 683 2661 856 2704; x_wconf 88' lang='lat' dir='ltr'>filorum</span> <span class='ocrx_word' id='word_1_175' title='bbox 876 2661 1190 2716; x_wconf 79' lang='lat' dir='ltr'>praegnantium</span> <span class='ocrx_word' id='word_1_176' title='bbox 1217 2660 1400 2702; x_wconf 86' lang='lat' dir='ltr'>formam</span> <span class='ocrx_word' id='word_1_177' title='bbox 1423 2666 1464 2703; x_wconf 92' lang='lat' dir='ltr'>et</span> <span class='ocrx_word' id='word_1_178' title='bbox 1484 2662 1640 2704; x_wconf 88' lang='lat' dir='ltr'>forma-</span> 
     </span>
     <span class='ocr_line' id='line_1_28' title="bbox 114 2727 1639 2785; baseline 0 -13"><span class='ocrx_word' id='word_1_179' title='bbox 114 2730 274 2773; x_wconf 82' lang='lat' dir='ltr'>tionem</span> <span class='ocrx_word' id='word_1_180' title='bbox 291 2731 620 2785; x_wconf 84' lang='lat' dir='ltr'>gemmidiorum</span> <span class='ocrx_word' id='word_1_181' title='bbox 638 2730 852 2774; x_wconf 85' lang='lat' dir='ltr'>Solierieae</span> <span class='ocrx_word' id='word_1_182' title='bbox 870 2733 946 2771; x_wconf 89' lang='lat' dir='ltr'>aut</span> <span class='ocrx_word' id='word_1_183' title='bbox 961 2730 1004 2771; x_wconf 93' lang='lat' dir='ltr'>in</span> <span class='ocrx_word' id='word_1_184' title='bbox 1022 2730 1174 2771; x_wconf 88' lang='lat' dir='ltr'>vicinia</span> <span class='ocrx_word' id='word_1_185' title='bbox 1194 2727 1533 2771; x_wconf 87' lang='lat' dir='ltr'>Chondriearum</span> <span class='ocrx_word' id='word_1_186' title='bbox 1555 2731 1639 2772; x_wconf 89' lang='lat' dir='ltr'>dis-</span> 
     </span>
     <span class='ocr_line' id='line_1_29' title="bbox 116 2797 1639 2852; baseline 0 -12"><span class='ocrx_word' id='word_1_187' title='bbox 116 2799 334 2852; x_wconf 83' lang='lat' dir='ltr'>ponendae,</span> <span class='ocrx_word' id='word_1_188' title='bbox 356 2803 429 2840; x_wconf 89' lang='lat' dir='ltr'>aut</span> <span class='ocrx_word' id='word_1_189' title='bbox 445 2798 648 2840; x_wconf 87' lang='lat' dir='ltr'>Gelidieis</span> <span class='ocrx_word' id='word_1_190' title='bbox 665 2803 707 2840; x_wconf 91' lang='lat' dir='ltr'>et</span> <span class='ocrx_word' id='word_1_191' title='bbox 727 2797 1012 2851; x_wconf 82' lang='lat' dir='ltr'>Chaetangieis</span> <span class='ocrx_word' id='word_1_192' title='bbox 1035 2797 1382 2851; x_wconf 84' lang='lat' dir='ltr'>adproximandae</span> <span class='ocrx_word' id='word_1_193' title='bbox 1404 2798 1639 2840; x_wconf 88' lang='lat' dir='ltr'>videantur.</span> 
     </span>
     <span class='ocr_line' id='line_1_30' title="bbox 118 2864 1640 2918; baseline 0.001 -10"><span class='ocrx_word' id='word_1_194' title='bbox 118 2867 279 2910; x_wconf 85' lang='lat' dir='ltr'>Revera</span> <span class='ocrx_word' id='word_1_195' title='bbox 309 2868 363 2910; x_wconf 87' lang='lat' dir='ltr'>ab</span> <span class='ocrx_word' id='word_1_196' title='bbox 396 2868 460 2908; x_wconf 89' lang='lat' dir='ltr'>his</span> <span class='ocrx_word' id='word_1_197' title='bbox 491 2866 653 2909; x_wconf 90' lang='lat' dir='ltr'>ultimis</span> <span class='ocrx_word' id='word_1_198' title='bbox 684 2866 805 2909; x_wconf 87' lang='lat' dir='ltr'>nulla</span> <span class='ocrx_word' id='word_1_199' title='bbox 842 2866 1059 2908; x_wconf 88' lang='lat' dir='ltr'>essentiali</span> <span class='ocrx_word' id='word_1_200' title='bbox 1089 2871 1192 2907; x_wconf 89' lang='lat' dir='ltr'>nota</span> <span class='ocrx_word' id='word_1_201' title='bbox 1222 2864 1294 2907; x_wconf 88' lang='lat' dir='ltr'>fila</span> <span class='ocrx_word' id='word_1_202' title='bbox 1329 2866 1640 2918; x_wconf 82' lang='lat' dir='ltr'>gemmidiifera</span> 
     </span>
    </p>
   </div>
  </div>
 </body>
</html>
