1757 3114
93 109 175 150 290
722 104 960 147 CHAMPIEAE.

94 222 132 263 3.
162 222 212 263 R.
243 235 381 263 omsprx
411 220 479 274 (J.
511 219 591 274 Ay.
628 219 699 273 Sp.
724 233 771 272 p.
803 219 905 270 ⁴242)
936 217 1087 259 fronde
1131 218 1262 271 plana
1305 218 1520 259 cuneatim
1552 230 1623 257 ex-

206 303 344 344 pansa
374 286 945 340 dichotomo-decomposita,
979 286 1211 338 sepmentis
1242 285 1517 327 inferioribus
1549 298 1624 336 ap-

207 357 460 411 proximatis
490 356 580 398 fere
611 355 891 410 palmatifida,
924 354 1218 407 superioribus
1256 354 1624 395 lineari-cuneatis

209 442 235 469 a
266 428 460 482 margine
493 431 535 469 et
565 427 681 468 disco
713 424 963 467 mamillosis
985 423 1214 477 proliferis,
1237 422 1538 465 terminalibus
1561 422 1625 463 di—

209 495 357 538 latatis
387 495 715 537 multiclentatis.

361 563 470 606 Hab.
504 598 511 605 .
545 597 553 604 .
587 597 595 604 .
627 562 733 604 Coll.
764 560 1027 603 Haenkeana.

466 809 627 878 011111)
678 808 765 876 ΙΧ.
863 806 1264 876 CHAMPIEAE.

211 972 331 1026 Algae
361 970 648 1012 inarticulatae
680 969 904 1021 tubulosae,
927 983 1040 1010 nunc
1061 968 1465 1023 diaphragmatibus
1487 967 1630 1010 divisae

99 1045 174 1084 aut
218 1042 333 1082 intus
378 1040 527 1081 farctae
559 1044 601 1081 et
640 1038 871 1089 cellulosae,
916 1037 1081 1079 cellulis
1129 1038 1297 1080 extimis
1343 1051 1453 1090 szepe
1484 1039 1528 1078 111
1559 1037 1632 1078 fila

100 1108 321 1152 verticalia
350 1108 602 1163 conjunctis.
645 1107 923 1161 Cystocarpia
953 1107 1067 1147 intra
1098 1106 1385 1159 pericarpium
1409 1110 1632 1148 externum

99 1179 298 1220 nucleum
329 1177 416 1218 tela
447 1176 746 1228 arachnoidea,
781 1175 863 1216 filis
894 1175 1157 1216 tenuissimis
1178 1174 1437 1216 reticulatim
1460 1178 1631 1216 anasto-

98 1247 368 1290 mosantibus
399 1249 635 1293 constante,
658 1245 843 1286 cinctum
865 1244 1145 1286 rotundatum
1168 1243 1403 1297 simplicem
1425 1243 1632 1291 foventia,

100 1317 174 1358 fila
204 1314 519 1370 gemmidiifera
549 1328 575 1355 a
605 1314 737 1355 fundo
770 1313 908 1355 basali
939 1312 1204 1366 egredientia
1234 1312 1464 1354 articulata
1496 1316 1537 1354 et
1566 1326 1633 1353 re-

100 1385 313 1428 ticulatim
346 1383 724 1433 anastomosantia,
757 1383 872 1422 intra
901 1381 1106 1422 articulos
1127 1381 1357 1434 gemmidia
1378 1381 1633 1422 rotundato-

102 1456 289 1510 oblonga
321 1457 396 1495 aut
426 1453 647 1507 angulata,
696 1453 786 1493 sine
832 1451 982 1492 ordine
1028 1451 1257 1503 conspicuo
1303 1449 1562 1503 conglobata
1592 1455 1634 1491 et

101 1524 226 1577 quasi
271 1536 394 1564 muco
426 1521 616 1563 cohibita
647 1519 894 1562 formantia.
955 1518 1273 1572 Spliaerosporae
1305 1519 1528 1560 cruciatim
1560 1522 1635 1559 aut

100 1592 318 1646 triangule
350 1592 506 1633 divisae.

215 1660 398 1709 Genera,
431 1672 526 1713 quae
564 1658 644 1699 hoc
690 1657 782 1699 loco
829 1657 872 1697 in
917 1656 1111 1697 ordinem
1156 1656 1379 1708 proprium
1425 1654 1636 1708 conjunxi,

104 1729 319 1782 praecipue
351 1742 447 1769 cum
477 1725 810 1779 Rhodymenieis
842 1724 1049 1778 adspectu
1071 1723 1210 1764 nuclei
1231 1723 1391 1764 maturi
1413 1723 1637 1764 convenire

104 1796 314 1838 videntur.
377 1794 619 1837 Gremmidia
649 1793 740 1835 sine
771 1793 920 1834 ordine
961 1792 1188 1845 conspicuo
1221 1790 1488 1845 conglobata,
1521 1795 1636 1832 arcte

105 1865 372 1907 cohibentur.
414 1863 601 1906 Nucleus
633 1876 733 1903 vero
764 1862 809 1902 in
840 1861 1170 1916 Rhodymenieis
1202 1861 1316 1901 intra
1346 1860 1637 1913 pericarpium

106 1932 400 1982 nudiusculus,
432 1931 516 1972 filis
549 1930 769 1972 sterilibus
800 1944 826 1971 a
856 1929 1096 1983 placentari
1123 1927 1255 1969 fundo
1277 1927 1639 1969 adscendentibus

105 2005 229 2044 extra
274 2000 471 2042 nucleum
516 2013 615 2041 mox
659 1999 879 2047 obsoletis,
926 1998 966 2038 in
1001 1996 1244 2049 Champieis
1276 2010 1375 2037 vero
1407 1996 1639 2049 schissime

107 2072 237 2113 etiam
268 2071 312 2112 in
342 2075 513 2112 maturo
543 2069 684 2111 fructo
717 2069 841 2110 adest
871 2066 959 2109 tela
990 2067 1278 2108 arachnoidea
1299 2066 1529 2121 peculiaris
1551 2066 1639 2106 fere

108 2140 276 2191 indolis,
309 2140 507 2181 nucleum
540 2137 819 2179 circumcirca
855 2136 1069 2187 ambiens;
1117 2139 1285 2176 constat
1327 2135 1417 2176 haec
1448 2135 1531 2176 filis
1562 2148 1639 2175 sae-

107 2209 282 2263 pissime
313 2207 551 2257 tenacibus,
583 2206 684 2247 licet
720 2205 994 2255 tenuissimis,
1034 2203 1274 2244 articulatis
1306 2208 1348 2245 ct
1377 2204 1509 2244 ramis
1540 2217 1639 2244 con-

108 2276 319 2319 formibus
351 2289 448 2316 cum
486 2274 693 2328 proximis
733 2272 908 2327 junctis,
955 2271 1181 2313 reticulum
1229 2272 1343 2312 circa
1387 2271 1584 2312 nucleum
1616 2285 1637 2311 a

109 2346 205 2388 basi
235 2344 466 2398 pericarpii
497 2343 551 2384 ad
584 2342 917 2396 carpostomium
957 2344 1180 2382 extensum
1219 2340 1511 2382 efficientibus.
1571 2340 1639 2392 Ip-

110 2429 205 2456 sum
235 2414 435 2456 nucleum
466 2411 548 2454 filis
580 2412 741 2453 intimis
772 2411 899 2465 hujus
931 2410 1102 2451 reticuli
1139 2410 1330 2460 formari,
1371 2423 1542 2463 quoque
1580 2409 1638 2449 vi-

111 2484 212 2526 dere
243 2482 424 2532 credidi3
456 2481 532 2523 fila
561 2479 875 2534 gemmidiifera
905 2479 1049 2532 itaque
1082 2482 1181 2519 sunt
1209 2477 1578 2519 anastomosantia
1599 2479 1641 2516 et

110 2551 374 2593 reticulatim
405 2549 676 2597 cohaerentia,
698 2548 815 2589 intra
836 2547 1041 2588 articulos
1063 2546 1295 2600 gemmidia
1315 2545 1442 2599 plura
1463 2544 1639 2599 (Cham-

111 2619 196 2672 pia,
228 2617 526 2673 Chylocladia)
558 2614 982 2668 obovato-angulata,
1005 2618 1081 2656 aut
1100 2614 1290 2668 plurima
1321 2613 1496 2667 (Horea,
1529 2613 1640 2654 Fau-

112 2687 234 2740 chea)
266 2690 308 2728 et
338 2686 477 2738 magis
523 2685 758 2727 rotundata
802 2683 1050 2725 evolventia.
1112 2682 1293 2723 Articuli
1337 2681 1560 2722 inferiores
1599 2686 1641 2722 et

114 2756 250 2808 magis
282 2754 494 2795 centrales
526 2754 569 2794 in
600 2753 682 2794 filis
714 2751 1049 2807 gemmidiiferis,
1090 2765 1201 2792 nunc
1240 2750 1378 2803 magis
1414 2750 1641 2791 incrassati

115 2836 244 2875 quam
277 2823 511 2864 exteriores
542 2824 583 2863 et
614 2821 884 2875 peripherici,
930 2819 1000 2861 fila
1050 2820 1172 2871 quasi
1218 2818 1485 2871 placentaria
1528 2819 1642 2859 intra
