1762 3036
135 136 212 177 112
729 130 1120 173 CRYPTONEMIAOEAE.

371 852 533 922 011111)
583 854 652 922 11.
750 851 1434 923 GRYPTONEMIAOEAE.

244 1005 363 1059 Algae
393 1004 697 1053 inarticulatae,
728 1002 940 1045 tubulosae
973 1006 1049 1044 aut
1079 1003 1215 1057 magis
1246 1001 1407 1051 11110100,
1439 1002 1555 1043 intus
1585 1001 1668 1043 filis

130 1074 228 1128 plus
259 1075 403 1115 minus
435 1073 648 1127 elongatis
671 1071 907 1126 'percursa
941 1077 1063 1114 extus
1096 1075 1233 1113 strato
1265 1071 1467 1112 continuo
1498 1071 1670 1112 filorum

129 1141 399 1183 verticalium
444 1145 520 1182 aut
567 1140 823 1182 cellularum
867 1141 1029 1182 cinctae.
1091 1138 1371 1195 Cystocarpia
1409 1139 1552 1181 frondi
1590 1140 1668 1181 im-

130 1223 273 1251 mersa
304 1214 379 1250 aut
400 1223 555 1263 parum
575 1209 832 1262 prominula‚
865 1208 1063 1251 nucleum
1095 1208 1488 1262 simpliciusculum‚
1520 1221 1669 1261 carpo-

131 1279 284 1320 stomio
315 1278 547 1320 liberatum
579 1277 784 1328 foventia3
817 1278 993 1319 nucleus
1025 1277 1181 1331 saepius
1213 1278 1301 1318 sine
1332 1276 1549 1330 adparatu
1570 1290 1668 1329 pro-

129 1348 225 1401 prio
256 1346 496 1400 placentari
527 1346 582 1387 ad
612 1345 687 1387 fila
717 1346 926 1387 interiora
957 1359 1201 1399 suspensus,
1224 1344 1382 1386 cellula
1403 1343 1573 1398 singula
1595 1348 1670 1384 aut

130 1415 329 1469 pluribus
361 1415 487 1470 quasi
525 1415 772 1456 immediate
811 1414 1111 1455 transmutatis
1149 1413 1373 1464 formatus,
1413 1413 1668 1465 simplicius-

129 1484 252 1525 culus
283 1488 358 1525 aut
387 1484 569 1533 lobatus,
602 1483 711 1525 lobis
743 1497 770 1524 a
801 1486 947 1524 centro
987 1482 1260 1524 radiantibus
1299 1485 1374 1522 aut
1412 1481 1530 1522 nullo
1569 1495 1669 1521 con-

130 1554 276 1607 spicuo
309 1553 457 1595 ordine
489 1552 718 1606 dispositis,
750 1551 846 1605 plus
875 1551 1016 1592 minus
1045 1553 1162 1591 arcte
1188 1549 1367 1599 coalitis,
1399 1549 1667 1599 constitutus3

129 1622 361 1676 gemmidia
404 1622 565 1662 iterata
610 1621 816 1662 divisione
862 1620 978 1661 intra
1022 1618 1222 1660 cellulam
1260 1617 1529 1659 matricalem
1560 1621 1667 1667 orta⁷

129 1690 302 1731 demum
332 1689 520 1743 plurima
550 1689 719 1730 minuta
750 1687 1217 1741 rotundato-angulata
1247 1685 1366 1728 nullo
1397 1687 1545 1727 ordine
1567 1700 1666 1727 con-

130 1759 307 1813 globata
338 1762 414 1799 aut
444 1758 704 1811 adparenter
736 1771 761 1798 a
791 1761 938 1799 centro
970 1755 1269 1799 subradiantia
1295 1755 1413 1796 intra
1433 1755 1668 1808 gelatinam

132 1827 335 1869 cohibita.
397 1826 715 1880 Spheerosporae
748 1826 903 1879 saepius
936 1824 1157 1866 cruciatim
1189 1824 1347 1866 divisae.

244 1895 449 1949 Expulsis
480 1895 674 1949 pluribus
705 1894 945 1936 Generibus
976 1893 1032 1935 ad
1063 1892 1395 1947 Cryptonemeas
1425 1890 1525 1932 olim
1557 1889 1668 1931 rela-

129 1964 197 2015 tis,
231 1965 412 2014 Genera,
460 1976 556 2017 quae
602 1962 729 2004 hodie
773 1962 947 2003 familiae
993 1961 1241 2007 adnumero„
1291 1960 1437 2001 forsan
1484 1973 1569 2001 11011
1608 1960 1668 2000 ita

130 2032 300 2074 diversa
330 2035 599 2078 censeantur,
630 2035 679 2071 ut
708 2030 958 2071 ulteriorem
991 2029 1242 2070 divisionem
1274 2028 1495 2069 suadeant.
1548 2028 1668 2068 Atta-

132 2115 229 2143 men
260 2101 364 2142 mihi
396 2100 599 2153 adparuit
630 2100 838 2152 originem
869 2103 912 2140 et
942 2103 1205 2140 structuram
1238 2096 1376 2137 nuclei
1409 2097 1557 2138 nonin
1579 2110 1667 2137 om-

132 2170 257 2211 nibus
296 2168 533 2210 convenire.
595 2168 644 2208 111
677 2167 1004 2220 Gastrocarpeis
1050 2171 1092 2207 et
1137 2165 1448 2206 Nemastomeis
1494 2165 1668 2206 nucleus

131 2239 295 2280 ambitu
326 2238 462 2291 magis
502 2236 716 2287 definitus,
754 2236 984 2290 gemmidia
1020 2235 1209 2276 continet
1247 2235 1406 2275 arctius
1442 2235 1669 2288 conjuncta

131 2311 174 2348 et
219 2307 343 2360 quasi
389 2305 680 2359 peridermate
715 2305 1044 2346 membranaceo
1081 2307 1156 2344 aut
1193 2303 1429 2356 gelatinoso
1465 2302 1666 2344 cohibita.

132 2374 196 2416 Sit
249 2378 298 2415 ut
343 2374 386 2414 in
431 2373 497 2414 his
543 2385 728 2426 quoque·
767 2372 942 2413 nucleus
997 2371 1123 2412 modo
1169 2384 1253 2411 non
1297 2383 1473 2423 prorsus
1519 2370 1668 2410 eodem

132 2444 311 2484 oriatur.
372 2442 422 2483 In
460 2441 801 2494 Gastrocarpeis,
834 2441 875 2480 in
908 2440 1063 2493 quibus
1094 2438 1269 2480 nucleus
1301 2438 1552 2480 membrana
1583 2439 1667 2479 evi-

132 2511 327 2552 dentiore
357 2510 639 2550 circumcirca
669 2509 841 2549 clausus
872 2508 1053 2554 videtur,
1085 2506 1285 2547 nucleum
1317 2506 1432 2546 intra
1453 2506 1665 2546 membra-

132 2592 230 2619 nam
262 2577 427 2619 cellulae
459 2577 638 2629 singulae
667 2576 932 2630 praegnantis
955 2576 1070 2623 oriri,
1094 2575 1427 2615 endochroinate
1449 2574 1664 2615 subdiviso

132 2648 175 2688 111
219 2652 364 2701 partes
409 2647 681 2701 (gemmidia)
721 2660 747 2686 a
784 2650 941 2698 puncto
989 2644 1174 2697 quodam
1221 2643 1401 2684 centrali
1434 2643 1664 2691 radiantes,

133 2717 306 2757 credere
337 2717 474 2757 liceat.
521 2716 568 2756 In
600 2714 912 2756 Nemastomeis
942 2727 1040 2755 vero
1067 2713 1242 2754 nucleus
1266 2712 1534 2765 componitur
1556 2712 1665 2753 lobis

134 2785 456 2837 praegnantibus
488 2783 697 2825 obconicis
728 2782 936 2836 plurimis,
969 2795 995 2822 a
1023 2785 1169 2822 centro
1192 2785 1267 2821 aut
1288 2779 1550 2821 centralibus
1573 2780 1665 2832 qui-

134 2853 313 2893 busdam
359 2851 522 2893 cellulis
569 2864 913 2904 quoquoversum
964 2849 1256 2894 radiantibus:
1308 2848 1449 2888 videre
1503 2847 1665 2888 credidi
