1757 3114
119 121 197 162 556

418 912 576 982 (limo
625 915 790 983 XVH.
887 914 1341 983 HYPNEACEAE.

233 1053 349 1106 Algae
382 1053 680 1105 inarticulatae,
712 1053 793 1094 filis
830 1053 1037 1106 elongatis
1068 1053 1283 1103 cellulisve
1304 1054 1569 1097 brevioribus
1600 1057 1644 1097 in

121 1121 315 1162 frondem
361 1122 595 1175 conjunctis
628 1122 882 1163 constitutae.
944 1110 1221 1176 Cystocarpia
1258 1122 1408 1164 fronde
1446 1124 1646 1165 immersa

122 1195 198 1232 aut
228 1191 343 1232 intra
374 1191 661 1244 pericarpium
690 1196 909 1232 externum
934 1194 1124 1243 excepta,
1146 1190 1343 1232 nucleum
1365 1193 1645 1244 compositum

120 1259 326 1313 foventia3
359 1259 541 1301 nucleoli
572 1259 690 1300 nullo
722 1259 946 1312 adparenti
985 1259 1133 1300 ordine
1180 1260 1386 1313 dispositi,
1433 1261 1646 1314 adparatu

120 1327 359 1381 placentari
392 1327 649 1368 reticulatim
688 1328 901 1368 ambiente
946 1327 1117 1369 locellos
1162 1328 1645 1382 rotundato-angulatos

121 1395 444 1436 cellulaeformes
487 1396 874 1437 circumscribente.
935 1396 1028 1436 Fila
1066 1397 1376 1450 gemmidiifera
1415 1411 1440 1438 a
1471 1399 1646 1451 parieti-

121 1467 198 1505 bus
228 1464 477 1505 locellorum
508 1464 790 1505 fasciculatim
823 1464 1097 1517 egredientia.
1131 1469 1322 1506 centrum
1351 1480 1497 1507 versus
1518 1466 1646 1508 loculi

121 1534 431 1587 convergentia.
464 1534 634 1587 singula
664 1534 842 1574 invicem
874 1534 1013 1575 libera
1043 1533 1275 1575 articulata
1306 1549 1432 1587 parce
1464 1549 1644 1585 ramosa,

121 1602 165 1642 in
196 1601 387 1642 articulis
424 1601 722 1642 terminalibus
754 1601 1017 1643 ramulorum
1064 1601 1292 1655 gemmidia
1331 1603 1501 1655 singula
1531 1604 1645 1657 pyri-

121 1670 275 1712 formia
307 1671 568 1724 generantia.
628 1670 942 1724 Sphaerosporae
975 1671 1170 1726 (saepius)
1203 1672 1387 1712 zonatim
1419 1671 1574 1712 divisae.

234 1739 382 1789 Quoad
428 1739 749 1792 dispositionem
801 1753 1060 1793 organorum
1111 1739 1363 1793 cystocarpii
1415 1753 1439 1779 a
1483 1740 1647 1782 caeteris

121 1808 499 1860 Desmiospermeis
531 1808 792 1861 Hypneaceae
840 1807 1066 1857 abludunt3
1114 1807 1287 1848 nucleus
1333 1807 1533 1848 nimirum
1565 1809 1648 1849 evi-

122 1876 293 1917 dentius
326 1877 596 1930 compositus.
629 1876 832 1919 nucleolis
865 1877 907 1917 in
938 1876 1090 1917 loculis
1132 1876 1305 1917 minutis
1337 1876 1647 1918 cellulaeformi-

122 1945 201 1986 bus
232 1945 432 1998 exceptis,
464 1945 679 1998 adparatu
722 1944 958 1998 placentari
997 1944 1210 1985 nucleolos
1248 1943 1436 1996 singulos
1468 1944 1647 1986 circum-

123 2014 335 2055 ambiente
358 2015 578 2067 separatis.
620 2013 653 2053 A
678 2014 917 2066 parietibus
940 2012 1175 2054 loculorum
1198 2013 1472 2053 circumcirca
1493 2017 1650 2054 exeunt

121 2081 314 2123 fasciculi
361 2082 595 2134 sparsiores
642 2082 810 2123 filorum
856 2081 1183 2135 preegnantium,
1217 2081 1289 2134 qui
1321 2082 1436 2122 intra
1467 2082 1648 2123 eundem

122 2150 307 2192 loculum
354 2150 449 2202 plus
494 2150 632 2190 minus
664 2151 892 2199 numerosi,
933 2150 1055 2203 quasi
1087 2149 1325 2191 nucleolum
1358 2151 1590 2203 proprium.
1624 2165 1649 2191 a

122 2219 326 2272 proximis
359 2217 571 2270 adparatu
603 2216 839 2270 placentari
870 2221 1126 2270 separatum,
1159 2218 1435 2258 constituunt.
1487 2218 1530 2259 Si
1553 2223 1647 2259 tan-

123 2291 214 2328 tum
236 2287 346 2328 hanc
368 2286 656 2339 dispositionis
691 2299 882 2327 normam
914 2286 1128 2338 respicias,
1161 2285 1436 2339 Hypneaceas
1458 2285 1646 2339 Gigarti—

124 2356 213 2397 neis
245 2355 459 2410 proximas
491 2354 698 2394 crederes.
741 2353 834 2394 Fila
864 2357 1005 2394 autem
1037 2354 1347 2406 gemmidiifera
1377 2354 1418 2394 in
1450 2353 1646 2407 Hypnea-

125 2424 210 2465 ceis
255 2423 430 2464 invicem
476 2422 613 2463 libera
645 2426 685 2462 et
722 2422 765 2462 in
805 2421 996 2462 articulis
1042 2422 1338 2470 terminalibus
1384 2421 1646 2463 ramulorum

126 2491 355 2546 gemmidia
401 2490 570 2543 singula
617 2489 877 2543 generantia.
938 2489 984 2529 In
1025 2489 1297 2542 Gigartineis„
1329 2490 1443 2530 intra
1473 2489 1645 2536 10011103,

125 2560 354 2614 gemmidia
390 2559 646 2612 conglobata
682 2563 723 2599 et
754 2572 874 2598 muco
920 2557 1094 2597 invicem
1142 2557 1329 2598 cohibita
1375 2561 1644 2610 generantur.

126 2630 223 2682 Ipsa
255 2628 326 2669 fila
356 2626 665 2680 gemmitliifera
697 2626 750 2667 ad
782 2626 961 2667 eundem
992 2629 1139 2679 typum
1171 2640 1218 2665 ac
1242 2626 1282 2665 in
1314 2625 1515 2666 Gelidieis
1547 2639 1644 2666 con-

126 2697 239 2738 fecta
281 2695 383 2736 mihi
430 2695 747 2748 adparuerunt3
794 2698 889 2735 sunt
937 2708 1033 2734 vero
1065 2694 1106 2734 in
1138 2694 1337 2734 inferiore
1369 2698 1491 2746 parte
1536 2709 1645 2735 nunc

127 2766 264 2805 minus
297 2763 540 2816 composita.
581 2762 835 2815 pedicellum
867 2761 1099 2814 simplicem
1145 2761 1392 2802 mentientia
1437 2761 1643 2815 (Hypneae

127 2833 222 2887 sp),
254 2832 372 2886 cujus
402 2832 446 2872 in
468 2831 585 2884 apice
608 2830 833 2883 abruptius
855 2830 1090 2871 incrassato
1121 2829 1393 2883 gemmidium
1416 2829 1644 2883 pyriforme
