1757 3114
166 82 246 123 438
733 78 1150 122 SPHAEROCOCCOIDEAE.
1463 80 1686 132 Herinyia.

278 194 422 236 Genus
452 193 558 234 mihi
588 192 756 234 videtur
803 191 1255 246 sphaerococcoideum,
1287 196 1331 236 in
1362 194 1470 236 serie
1500 194 1689 235 naturali

166 264 312 306 forsan
333 262 623 304 Dicranemati
645 262 898 315 proximum.
930 261 1135 302 Flac-enta
1156 262 1314 304 basalis
1336 263 1468 313 adest,
1492 264 1691 304 contexta

166 333 249 375 filis
271 331 466 386 pluribus
497 344 523 371 a
552 331 656 372 tubo
687 330 801 380 axili,
833 343 1052 371 ramorum
1084 330 1139 371 ad
1160 331 1307 383 instar,
1328 331 1689 385 provenientibus,

167 399 408 442 articulatis
453 397 787 440 endochromate
832 396 1093 446 subclavato,
1140 399 1320 440 invicem
1350 399 1691 441 anastomosibus

161 470 333 524 junctis,
366 470 408 509 et
437 466 511 508 fila
542 467 709 508 sterilia
730 467 1152 508 clavato-articulata
1173 467 1227 508 ad
1249 468 1539 521 pericarpium
1570 468 1691 509 emit-

165 536 367 579 tentibus.
408 535 526 577 Inter
556 534 629 576 fila
651 535 741 576 haee
763 535 928 576 sterilia
949 536 1137 588 spatium
1159 535 1294 587 adest,
1317 536 1432 589 quod
1463 535 1546 576 filis
1576 548 1692 589 gem-

166 604 389 647 midiiferis
421 608 665 658 occupatur.
726 604 820 645 Fila
850 603 1164 658 gemmidiifera
1194 595 1459 655 fasciculata,
1491 604 1583 646 basi
1603 603 1693 646 fere

166 673 452 729 cylindracea,
484 673 604 726 apice
635 672 815 723 clavata,
847 673 891 713 in
922 672 1114 714 articulis
1137 673 1348 726 supremis
1370 672 1601 726 gemmidia
1622 672 1694 714 de-

165 756 283 784 mum
328 740 590 795 subglobosa
635 740 884 782 evolventia.
945 740 1241 794 Pericarpium
1286 740 1375 782 fere
1407 741 1515 783 3bus
1547 741 1695 783 stratis

166 814 352 862 constat3
383 809 687 851 intermedium
718 812 785 850 sat
816 808 1018 862 amplum,
1059 808 1224 850 cellulis
1256 809 1499 851 rotundatis
1530 813 1695 852 extror-

166 893 261 921 sum
291 877 552 921 abeuntibus
582 877 627 918 in
655 876 730 919 fila
760 875 981 918 verticalia
1019 877 1166 919 brevia
1204 878 1331 919 strati
1368 877 1593 929 corticalis,
1632 878 1695 919 in-

166 952 356 990 trorsum
385 947 430 988 in
461 946 638 988 cellulas
683 946 869 988 laxiores
916 947 1302 997 subconcentricas,
1350 960 1444 1000 quae
1489 961 1585 988 cum
1614 947 1696 989 filis

166 1016 386 1058 sterilibus
417 1029 444 1056 a
483 1015 683 1069 placenta
726 1015 996 1057 venientibus
1042 1015 1373 1069 conjunguntur.
1403 1041 1459 1048 —-
1488 1015 1698 1059 Nuoleum

165 1084 449 1138 compositum
479 1097 649 1138 quoque
681 1083 954 1125 considerare
984 1083 1135 1126 liceret
1154 1088 1197 1125 et
1217 1084 1362 1127 Genus
1384 1099 1480 1127 cum
1501 1085 1697 1127 Eucheu-

166 1157 280 1196 mate
310 1156 354 1195 et
383 1152 580 1194 affinibus
611 1165 880 1205 comparare3
913 1152 1018 1193 mihi
1049 1156 1194 1193 autem
1214 1152 1414 1206 placenta
1443 1153 1602 1196 basalis
1623 1168 1698 1208 po-

166 1222 249 1264 tius
280 1220 424 1263 Genus
457 1219 908 1273 Sphaerococcoideum
939 1220 1132 1262 indicare
1162 1220 1344 1262 videtur.

171 1330 206 1370 1.
238 1327 290 1369 Η.
322 1339 528 1368 MIRABILIS
559 1324 664 1379 (Ay.
697 1326 746 1367 de
776 1329 868 1367 met.
909 1324 1030 1381 Azy.)
1069 1325 1220 1367 fronde
1258 1326 1510 1368 subsetacea
1544 1328 1702 1382 aequali

281 1394 855 1448 dichotomo-clecomposita,
888 1395 1120 1449 segmentis
1140 1395 1306 1437 alterne
1327 1395 1608 1448 brevioribus,
1637 1397 1701 1438 la-

281 1465 492 1508 teralibus
514 1463 900 1518 terminalibusque
921 1463 1162 1506 fiabellato-
1165 1463 1414 1517 fastigiatis.
1437 1463 1484 1507 J.
1515 1464 1596 1519 Ay.
1631 1465 1702 1519 Sp.

280 1549 320 1588 p.
354 1534 446 1575 638.
479 1532 618 1575 Ηανυ
656 1533 755 1574 Ner.
787 1536 922 1574 constr.
946 1533 1028 1575 tab.
1051 1533 1115 1573 50.
1152 1532 1312 1585 Sphcer.
1335 1533 1551 1575 mirabilis
1572 1533 1652 1586 Ay.
1677 1534 1691 1576 l

279 1617 311 1645 c
335 1602 450 1645 Icon
472 1602 582 1643 med.
605 1601 686 1643 tab.
710 1603 746 1642 7
781 1601 910 1643 Kate.
935 1601 1018 1643 tab.
1045 1600 1176 1655 Phyc.
1213 1601 1301 1643 Vol.
1329 1601 1516 1644 XVIII
1532 1602 1614 1644 tab.
1638 1604 1702 1644 61.

435 1668 501 1711 Ad
532 1668 632 1723 Cap.
665 1669 705 1711 b.
738 1668 850 1722 Spei.

169 1764 206 1805 2.
237 1763 288 1804 H.
322 1775 552 1803 FILIFORMIS
584 1760 746 1815 (Harv.
782 1761 854 1803 Tr.
888 1762 1020 1804 Irish..
1053 1762 1189 1805 Acad.
1225 1762 1269 1804 V.
1291 1763 1404 1815 2210.
1427 1763 1529 1818 549)
1551 1762 1702 1804 fronde

281 1831 517 1884 caespitosa‚
550 1843 572 1871 e
603 1830 788 1871 surculis
820 1830 1069 1883 repentibus
1108 1834 1215 1881 orta,
1249 1834 1417 1873 setacea
1446 1830 1637 1873 filiformi
1667 1847 1702 1873 v.

281 1899 403 1952 apice
433 1911 689 1951 compressa,
718 1911 824 1952 vage
845 1911 1018 1940 ramosa
1048 1898 1375 1941 subdichotoma
1405 1898 1702 1953 rigidiuscula.

436 1966 539 2009 Nov.
569 1965 681 2008 Holl.
713 1966 1003 2009 occidentalis.

261 2046 413 2091 Species
438 2048 586 2081 tantum
619 2044 763 2080 sterilis
790 2056 810 2079 a
834 2056 894 2080 me
930 2045 1023 2089 visa,
1049 2056 1151 2091 aegrc
1187 2045 1415 2082 definienda.
1466 2046 1703 2082 Structuram

169 2103 367 2149 Heringiae
393 2102 483 2137 vidi.

172 2268 310 2319 (Wlll.
348 2268 702 2321 STENOCLADIA
741 2278 788 2322 J.
819 2279 901 2333 Ay.
933 2293 1056 2322 mser.

173 2386 308 2428 Frons
338 2398 583 2439 compressa
613 2384 794 2426 distiche
824 2384 1004 2437 pinnata
1034 2388 1109 2426 aut
1140 2385 1420 2427 teretiuscula
1440 2390 1483 2428 et
1507 2400 1609 2441 vage
1629 2401 1699 2429 ra-

284 2467 417 2504 mosa,
450 2453 597 2494 stratis
628 2450 717 2494 fere
748 2452 888 2494 tribus
935 2453 1088 2494 tubum
1133 2452 1367 2495 centralem
1412 2453 1699 2497 ambientibus

287 2525 504 2564 contexta:
537 2521 765 2564 medullari
795 2521 879 2563 filis
911 2521 1123 2575 elongatis
1154 2522 1395 2564 articulatis
1418 2523 1547 2566 dense
1577 2524 1698 2565 intri-

286 2591 411 2641 catis3
444 2590 712 2642 intermedio,
745 2604 856 2631 nunc
886 2603 1041 2643 parum
1078 2591 1318 2644 conspicuo,
1358 2589 1521 2632 cellulis
1552 2591 1697 2634 oblon-

288 2659 351 2711 gis
373 2658 511 2699 laxius
529 2658 765 2711 dispositis;
795 2658 985 2699 corticali
1002 2657 1166 2700 cellulis
1187 2658 1422 2700 minoribus
1440 2659 1698 2701 verticaliter

288 2726 469 2767 seriatis.
530 2725 809 2779 Cystoearpz'a
855 2729 1032 2767 externa
1072 2726 1376 2780 subsphaerica‚
1409 2739 1529 2768 secus
1560 2727 1698 2769 latera

287 2807 505 2835 ramorum
537 2794 713 2845 sessilia,
746 2794 862 2836 intra
891 2793 1180 2848 pericarpium
1221 2794 1486 2845 ceIIqusum,
1526 2794 1696 2836 demum
