1757 3114
46 135 47 141 ’
94 136 385 180 Ectoclimum.
744 135 1018 178 HYPNEACEAE.
1543 138 1592 178 57
1599 138 1622 178 5

92 250 284 303 Adparet
314 250 448 303 igitur
479 250 734 305 cystocarpii
765 253 984 291 structura
1024 249 1167 291 Genus
1199 249 1443 304 Mychodeae
1479 251 1623 304 proxi-

92 333 209 359 mum
241 333 342 360 esse.
390 320 440 361 In
472 321 638 361 diverso
671 319 898 373 specimine
930 318 1015 360 sori
1046 319 1413 369 nemathecioidei‚
1446 320 1490 360 in
1522 319 1624 360 laci-

93 387 174 428 niis
205 387 498 440 superioribus
544 387 935 442 (antepenultimis)
980 387 1095 428 intra
1126 388 1362 442 marginem
1394 388 1436 428 in
1467 388 1627 441 pagina

95 469 216 497 secus
247 456 560 510 longitudinem
605 457 769 498 frondis
814 455 1003 509 expansi,
1036 456 1426 510 circumscriptione
1457 455 1546 496 fere
1576 455 1627 496 li-

94 537 258 576 neares,
304 539 458 578 parum
504 525 669 578 elevati,
716 525 794 566 levi
841 524 992 566 coloris
1037 525 1275 565 mutatione
1310 528 1354 565 et
1392 523 1626 565 elevatione

96 606 229 646 supra
259 594 461 647 paginam
493 593 797 648 distinguendi,
837 592 1015 643 adsunt3
1048 597 1295 634 transversa
1325 592 1522 642 sectione,
1551 591 1627 632 ad-

96 666 250 714 pareat
287 677 433 704 sorum
463 665 507 705 in
537 678 627 704 una
669 663 827 717 pagina
871 662 1199 704 convexiuscula
1243 676 1335 704 esse
1381 675 1628 716 expansum,

93 731 230 772 sterili
259 731 411 774 leviter
440 733 676 783 incurvata,
708 731 901 785 margine
932 730 1068 779 nudo;
1102 735 1271 772 constat
1302 745 1425 772 sorus
1446 730 1529 772 filis
1552 731 1628 772 ab·

102 799 300 841 breviatis
332 800 690 842 moniliformibus
721 800 850 841 dense
879 799 1066 852 stipatis;
1098 800 1210 841 inter
1230 799 1304 841 fila
1324 799 1627 841 nemathecioi-

93 867 175 909 dea
206 868 514 922 sphaerosporae
559 868 813 910 nidulantur
857 867 1066 922 oblongae,
1113 868 1299 909 zonatim
1345 867 1503 918 divisae,
1545 866 1629 908 filis

96 937 354 978 nematheoii
386 951 541 991 parum
572 937 802 978 breviores.
835 962 886 966 —
917 935 994 977 His
1026 936 1199 989 quidem
1231 932 1463 990 spongiolis
1485 949 1629 977 macu-

97 1004 377 1055 laeformibus,
409 1005 525 1047 nudo
556 1004 678 1047 oculo
710 1009 786 1046 aut
815 1004 928 1046 lente
959 1017 1113 1058 parum
1145 1008 1329 1057 augente
1367 1004 1630 1058 conspicien-

96 1072 162 1114 dis
194 1073 338 1114 Genus
371 1087 397 1114 a
427 1072 665 1128 Mychodea
695 1073 964 1127 potissimum
1003 1072 1253 1114 distinctum
1285 1076 1401 1126 puto.
1447 1072 1490 1115 Si
1522 1073 1630 1127 quis,

96 1143 357 1196 comparatis
387 1142 606 1184 fructuum
638 1142 972 1194 characteribus,
997 1142 1187 1196 Hypneae
1209 1142 1351 1195 potius
1374 1143 1632 1197 conjungen-

95 1210 199 1252 dum
231 1224 321 1252 esse
360 1216 547 1265 urgeret,
596 1212 751 1253 dixisse
796 1212 939 1265 placet
984 1211 1309 1265 congruentiam
1354 1224 1506 1253 revera
1542 1224 1632 1252 esse

97 1281 234 1334 magis
264 1281 494 1323 verborum
526 1295 655 1335 quam
695 1281 769 1322 rei.
829 1281 893 1323 Ob
924 1280 1107 1322 formam
1153 1284 1195 1321 et
1239 1279 1425 1322 colorem
1469 1279 1633 1321 frondis

97 1349 285 1390 diversos
313 1350 402 1404 jam
433 1350 645 1403 adpareat
665 1362 825 1404 genera
844 1350 935 1391 haec
956 1349 1073 1391 haud
1105 1363 1194 1391 esse
1216 1348 1535 1404 conjungenda3
1560 1349 1634 1390 sed

96 1419 271 1471 insuper
302 1422 403 1459 sunt
435 1417 708 1460 nemathecia
738 1417 876 1460 forma
907 1421 949 1459 et
979 1418 1065 1459 situ
1086 1417 1274 1469 diversa3
1307 1431 1384 1459 nec
1416 1421 1636 1460 structura

98 1485 264 1528 frondis
295 1487 562 1529 conveniens.

100 1580 135 1619 l.
167 1577 265 1619 Ecr.
296 1592 517 1619 DENTATUM
548 1578 615 1633 (J.
650 1578 732 1630 Ay.
764 1580 909 1634 msera)
939 1578 1090 1620 fronde
1123 1592 1174 1620 ex
1205 1579 1391 1633 ancipite
1421 1577 1554 1632 plana
1584 1578 1634 1619 li-

215 1647 336 1688 neari
374 1646 540 1688 inferne
586 1647 837 1689 subcostata
867 1647 1028 1700 pluries
1058 1647 1329 1698 trichotoma‚
1363 1647 1460 1688 dein
1491 1646 1635 1688 dicho-

215 1729 285 1756 ma
317 1715 603 1769 dentibusque
636 1716 797 1770 sparsis
828 1729 854 1757 a
885 1717 1078 1770 margine
1117 1716 1372 1758 exeuntibus
1404 1715 1635 1766 subdivisa,

214 1784 444 1838 segmentis
476 1784 769 1837 superioribus
794 1784 950 1825 sensim
981 1784 1314 1838 angustioribus,
1336 1783 1636 1826 terminalibus

214 1866 320 1906 vage
351 1852 972 1905 dentato-subdivergentibus.

213 1921 279 1963 Ad
311 1921 587 1963 Tasmaniam
618 1922 666 1963 R.
698 1922 846 1973 Gunn3
892 1922 1182 1976 fragmentum
1213 1936 1236 1964 e
1267 1922 1371 1964 Nov.
1403 1921 1638 1964 Hollandia

368 2003 539 2044 quoque
571 1989 669 2031 vidi.

192 2069 313 2103 Frons
340 2069 494 2104 circiter
518 2069 768 2113 4-pollicaris‚
796 2069 1091 2104 subflabellatim
1117 2081 1299 2115 expansa,
1326 2071 1536 2116 segmentis
1562 2082 1637 2105 me-

104 2126 177 2160 diis
205 2126 357 2160 circiter
383 2126 522 2161 lineam
548 2126 650 2170 latis,
676 2125 815 2160 infimis
842 2127 954 2171 paulo
991 2127 1204 2172 latioribus,
1243 2128 1430 2173 supremis
1467 2128 1637 2174 angusti-

106 2184 248 2219 oribus.

194 2241 237 2275 In
261 2240 377 2285 Phyc.
405 2243 522 2275 austr.
563 2252 648 2275 nov.
689 2240 894 2276 Zanardini
932 2241 1057 2276 Genus
1096 2254 1233 2277 novum
1270 2243 1540 2288 Neurophyllis
1567 2242 1635 2286 (N.

105 2298 287 2333 australis
310 2308 371 2332 wo
396 2299 455 2342 20)
482 2298 703 2343 descripsit,
728 2298 834 2343 cujus
860 2298 975 2333 facies
1004 2302 1042 2333 et
1070 2302 1262 2334 structura
1286 2300 1325 2333 in
1343 2300 1537 2344 plerisque
1556 2311 1639 2334 eum

106 2359 238 2391 nostro
265 2355 468 2390 convenire
506 2355 694 2390 videatur.
745 2356 980 2400 Cystocarpii
1018 2368 1107 2391 vero
1145 2356 1252 2391 dedit
1296 2356 1593 2402 descriptionem
1619 2368 1640 2390 a

106 2416 239 2448 nostra
263 2412 416 2447 omnino
443 2412 701 2447 abludentem.
