1757 3114
152 176 231 217 548
803 175 1025 216 GELIDIEAE.
1441 173 1670 216 Gelidimn.

152 288 190 327 4.
223 287 272 330 G.
305 287 668 330 CAULAOANTHEUM
698 287 761 340 (J.
793 286 874 340 Ay.
904 290 1044 339 mser.)
1076 285 1226 328 fronde
1257 286 1444 329 filiformi
1474 287 1672 328 teretius-

265 357 361 397 cula
405 356 708 409 ‘2—3pinnata‚
759 355 899 409 pinnis
945 369 970 395 a
1014 355 1108 396 basi
1159 355 1405 408 pinnulati&
1462 355 1672 407 supremis

264 425 377 466 infra
408 425 626 466 rachidem
665 424 1051 478 supereminentem
1091 424 1247 465 sensim
1279 424 1554 475 brevioribus,
1586 438 1672 464 me-

265 494 345 534 diis
376 493 586 546 elongatis
617 492 928 546 decompositis,
959 491 1233 533 inferioribus
1273 492 1533 533 abbreviatis
1574 492 1672 532 sim-

263 560 522 614 pliciusculis
553 564 627 602 aut
657 560 828 602 demum
859 558 1452 613 subfasciculato-pinnulatis
1481 559 1674 600 fructife-

263 629 336 680 ris,
368 629 645 683 cystocarpiis
689 629 922 670 lancoideis
959 629 1128 682 longius
1174 630 1440 680 acuminatis,
1486 628 1674 682 pinnulis

263 696 655 751 sphaerosporiferis
687 697 979 739 obtusioribus
1010 696 1264 751 oblongatis.

341 765 450 807 Hab.
482 766 537 806 ad
569 780 666 807 oras
696 765 824 808 Novae
856 764 1067 806 Zelandiae
1098 765 1337 819 Berggren!

239 843 504 890 Magnitudine
530 845 670 889 plantae
699 848 737 879 et
760 845 881 880 forma
905 844 1147 889 pinnularum
1172 845 1315 888 aliquid
1333 844 1449 879 habet
1466 843 1673 890 Gigartinae

150 901 398 946 Chapmanni‚
424 901 710 937 ramiflcationis
737 914 825 936 vero
851 913 982 936 norma
1007 901 1194 936 Gelidium
1220 901 1360 946 prodit,
1388 904 1426 935 et
1448 900 1676 946 magnitudi-

149 969 235 992 nem
271 960 390 994 multo
427 960 609 994 minorem
636 960 667 995 si
693 952 858 1004 excipias
886 971 906 993 a
931 959 1152 1003 quibusdam
1185 959 1314 993 formis
1342 959 1384 993 G.
1411 958 1587 993 australis
1612 970 1674 1002 pa-

148 1027 231 1049 rum
258 1015 410 1050 differre
437 1015 644 1051 videretur.
695 1017 893 1051 Structura
929 1027 1018 1050 vero
1056 1015 1282 1059 examinata,
1309 1016 1353 1050 ab
1380 1014 1550 1050 omnibus
1578 1014 1676 1048 Geli-

147 1071 220 1106 diis
246 1071 339 1106 mihi
366 1072 530 1118 cognitis
564 1073 717 1108 diversa
753 1073 939 1117 adparuit.
987 1072 1108 1107 Frons
1145 1072 1323 1106 nimirum
1362 1082 1493 1115 aquam
1530 1071 1676 1105 avidius

146 1128 336 1164 imbibens
362 1129 401 1163 in
427 1129 552 1164 medio
585 1130 845 1173 subtubulosa,
883 1130 973 1163 licet
1009 1130 1122 1164 tubus
1160 1130 1209 1164 sit
1245 1128 1319 1163 filis
1356 1128 1676 1162 numerosioribus

148 1188 373 1230 occupatus3
398 1186 568 1222 haecfila
593 1186 855 1232 adproximata
880 1190 1007 1220 tamen
1031 1186 1224 1231 paulisper
1251 1185 1434 1220 distantia
1460 1188 1499 1219 et
1516 1185 1677 1219 invicem

148 1242 449 1277 anastomosibus
471 1242 615 1287 juncta,
641 1243 869 1288 adparenter
893 1243 972 1277 fere
990 1242 1233 1276 inarticulata
1251 1245 1290 1276 et
1306 1242 1452 1286 hyphas
1470 1242 1548 1276 fere
1566 1253 1678 1276 aemu-

147 1299 279 1344 lautia,
305 1302 524 1334 transverse
556 1303 660 1335 secta
697 1300 856 1335 circulos
894 1302 1058 1335 minutos
1086 1300 1304 1334 referentia.
1355 1299 1528 1334 Sectione
1553 1302 1676 1333 trans·

148 1357 290 1392 versali
315 1369 383 1402 per
408 1358 626 1393 inferiorem
660 1361 806 1403 partem
844 1359 988 1393 frondis
1016 1359 1142 1402 ducta,
1169 1358 1301 1392 circuli
1326 1357 1365 1392 hi
1391 1357 1497 1401 quasi
1522 1356 1680 1390 fascicu-

148 1414 256 1448 latim
282 1415 495 1459 conjuncti:
521 1415 848 1450 intercedentibus
875 1427 1010 1460 nempe
1036 1415 1109 1449 filis
1137 1416 1287 1458 oblique
1307 1413 1596 1449 excurrentibus
1615 1412 1680 1446 fila

146 1471 442 1517 longitudinalia
466 1472 574 1515 quasi
598 1472 845 1506 fasciculatim
874 1473 1118 1518 colliguntur.
1152 1472 1236 1506 Fila
1261 1472 1412 1515 oblique
1437 1470 1679 1505 excurrentia

148 1529 318 1573 ejusdem
343 1532 524 1563 oaeterum
548 1529 693 1573 formae,
718 1529 797 1564 fere
823 1530 1068 1564 inarticulata
1093 1530 1291 1574 adparent.
1327 1528 1494 1563 Stratum
1513 1528 1683 1562 exterius

147 1588 300 1621 constat
325 1586 472 1621 cellulis
498 1586 739 1621 brevioribus
767 1586 967 1631 concretis,
1007 1586 1158 1621 extimis
1197 1586 1489 1632 endochroniate
1513 1585 1682 1619 colorato

146 1643 348 1679 instructis
376 1642 686 1678 subverticaliter
713 1643 876 1677 seriatis.
926 1643 1133 1677 Diclinidia
1158 1654 1178 1676 a
1202 1642 1329 1687 pinnis
1354 1642 1598 1686 pinnulisque
1623 1641 1679 1674 in-

135 1699 345 1735 -ferioribus
372 1699 605 1735 abbreviatis
632 1703 670 1734 et
695 1701 741 1735 ob
767 1700 941 1734 rachiiles
968 1703 1185 1735 contractas
1207 1698 1529 1734 subfasciculatim
1546 1698 1680 1743 pinna-

147 1756 198 1790 tis
225 1756 397 1800 fonnata,
424 1756 462 1790 in
488 1757 613 1790 media
636 1757 794 1801 pinnula
827 1757 1134 1800 intumescentia,
1161 1756 1279 1791 forma
1305 1755 1585 1799 sublancoidea,
1613 1755 1680 1789 sti-

146 1813 227 1857 pite
253 1813 425 1848 tenuiore
453 1813 606 1847 suffulta
631 1816 670 1847 et
693 1814 733 1847 in
770 1825 926 1848 acumen
964 1814 1160 1859 producta,
1199 1825 1297 1847 nunc
1334 1813 1505 1857 pinnella
1530 1812 1680 1847 laterali

148 1870 297 1905 binisve
322 1870 524 1904 instructa.
573 1870 749 1904 Dissecta
786 1874 1002 1905 monstrant
1039 1874 1269 1905 structuram
1296 1869 1447 1904 Gelidii.
1496 1869 1580 1903 Fila
1606 1872 1679 1903 ste-

147 1927 235 1961 rilia
258 1939 341 1971 quae
368 1939 388 1961 a
413 1928 590 1972 placenta
613 1927 737 1961 media
763 1928 808 1962 ad
827 1928 1054 1963 fornicatum
1078 1927 1280 1973 pericarpii
1298 1930 1439 1961 tectum
1460 1929 1678 1970 excurrunt,

149 1987 237 2018 sunt
261 1984 343 2019 basi
371 1983 666 2028 simpliciuscula
698 1987 736 2018 et
762 1985 997 2030 longioribus
1038 1985 1207 2020 articulis
1246 1985 1469 2020 constituta:
1507 1984 1595 2018 dein
1619 1995 1677 2017 ra-

147 2041 595 2076 moso-anastomosantia
620 2044 658 2075 et
683 2041 721 2075 in
747 2041 811 2076 fila
836 2042 1102 2077 moniliformia
1134 2042 1359 2085 dichotoma‚
1385 2040 1506 2075 laxius
1532 2052 1677 2084 quoque

149 2097 347 2142 disposita,
374 2098 531 2139 abeunt3
564 2097 646 2132 haec
683 2098 824 2132 sensim
861 2098 1014 2132 densius
1040 2110 1189 2133 ramosa
1213 2101 1251 2132 et
1275 2098 1395 2142 magis
1422 2097 1682 2142 adproximata

148 2154 214 2189 fila
249 2155 448 2190 verticalia
484 2156 596 2190 strati
633 2155 823 2190 corticalis
861 2155 1038 2199 efficiunt.
1086 2155 1137 2189 Ut
1161 2155 1263 2189 frons
1296 2155 1438 2190 sterilis
1476 2155 1550 2189 filis
1587 2154 1680 2188 laxi-

149 2212 277 2247 oribus
315 2215 507 2255 contexta⁷
544 2212 598 2246 ita
634 2223 779 2256 quoque
804 2212 1055 2257 pericarpium
1092 2211 1166 2246 filis
1204 2211 1410 2247 laxioribus
1449 2215 1680 2256 concretum,

150 2272 380 2304 structuram
416 2270 573 2305 aliorum
611 2269 843 2312 Gelidiorum
874 2270 970 2304 bene
998 2269 1175 2313 explicat.
1224 2270 1267 2303 In
1299 2270 1383 2304 aliis
1411 2269 1679 2314 speciminibus

149 2327 274 2372 apices
300 2327 530 2362 incrassatos
556 2326 797 2371 pinnularum
823 2325 1178 2371 sphaerosporiferos
1203 2326 1296 2371 vidi,
1323 2327 1679 2372 sphaerosporasque

148 2384 345 2420 cruciatim
371 2385 525 2420 divisas.

151 2502 228 2543 III.
258 2502 467 2543 GEmmnM
489 2501 650 2554 fronde
669 2501 862 2554 'ancipite
892 2502 1387 2555 decomposito-pinnata‚
1406 2502 1503 2556 filis
1533 2503 1671 2544 iuteri-

606 2570 749 2611 oribus
780 2570 1029 2612 densissime
1050 2570 1214 2623 sarcia.

515 2660 534 2680 ’¹‘
569 2659 726 2702 Pinnis
755 2661 867 2713 ipsis
897 2661 1061 2702 demum
1081 2662 1317 2715 fertilibus.

156 2754 192 2794 5.
223 2752 272 2794 G.
303 2764 477 2792 RIGIDUM
508 2749 640 2803 (Vakl
668 2753 713 2794 in
740 2753 922 2794 Naturh.
950 2752 1079 2795 Selsk.
1100 2753 1199 2796 sm.
1234 2753 1279 2795 V.
1301 2755 1338 2795 2.
1355 2767 1399 2806 p.
1422 2744 1505 2808 46)
1526 2752 1677 2796 fronde

268 2820 452 2872 ancipite
483 2818 768 2871 fusco-livida,
800 2821 992 2874 apicibus
1022 2821 1304 2874 sphacellatis,
1326 2821 1677 2875 tri-quadri-pin-

267 2892 382 2940 nata,
414 2888 603 2940 pinnulis
649 2889 935 2931 teretiusculis
981 2889 1423 2943 elongato-subulatis,
1463 2889 1677 2932 fertilibus
