1757 3114
112 127 402 169 Lomentaria.
748 127 1066 169 LOMENTAainAE.
1563 133 1637 172 ⁴331

110 239 437 293 gemmidiorum
481 241 699 294 proximas
731 241 818 282 fere
850 241 1087 289 crederem,
1120 242 1175 283 ab
1207 242 1272 283 his
1306 257 1403 283 vero
1436 248 1643 296 proventu

111 309 485 363 Cystocarpiorum
530 309 646 350 intra
691 309 935 363 pericarpia
988 312 1166 350 externa
1212 311 1382 352 omnino
1428 311 1643 353 recedunt.

111 378 212 427 Quae
244 391 339 418 cum
370 378 432 418 ita
462 377 547 418 sint
577 378 770 419 ordinem
802 378 867 418 sui
903 377 1012 431 juris
1051 378 1362 421 Lomentarieis
1407 393 1644 433 proponere

112 444 255 494 malui,
304 459 433 499 quam
479 446 570 488 loco
609 447 751 500 inepto
783 460 915 500 genus
949 460 1162 500 nusquam
1193 448 1301 490 bene
1333 448 1644 502 disponendum

116 527 315 555 inserere.

111 690 281 740 (ῚΙΝΙΙΙ.
321 694 653 739 LOMENTARIA
700 689 861 740 Gaia„-
892 689 937 732 J.
971 689 1052 743 Ay.
1088 691 1159 743 Sp.
1182 706 1228 743 2).
1254 693 1332 732 724
1355 692 1477 746 (εκεῖ.
1500 694 1641 748 spec).

112 807 245 848 Frons
277 806 557 848 teretiuscula
603 820 794 848 ramosa
817 806 1019 848 tubulosa
1050 810 1092 847 et
1122 806 1530 860 diaphragmatibus
1561 809 1645 850 eel-

223 874 372 916 lulosis
405 876 648 925 articulata,
682 890 792 916 nunc
814 875 980 917 inferne
1003 874 1262 917 solidescens
1284 877 1416 917 ramis
1439 878 1646 919 tubulosis

225 947 266 984 et
297 943 553 993 constrictis,
585 943 668 984 filis
691 944 971 997 sparsissimis
994 944 1329 998 diaphragmata
1344 946 1646 1000 jungentibus3

223 1011 491 1064 periplierico
514 1015 650 1053 strato
673 1012 838 1053 cellulis
860 1011 1348 1065 rotundato-angulatis,
1371 1013 1647 1056 interioribus

223 1080 460 1133 majoribus
500 1085 711 1123 contexto.
774 1080 1052 1134 (lystoemffl'a
1084 1096 1109 1123 a
1139 1086 1262 1135 parte
1300 1082 1451 1124 inflata
1482 1083 1646 1126 frondis

223 1149 422 1199 formata,
456 1154 647 1198 externa,
680 1150 795 1191 intra
826 1151 1114 1203 pericarpium
1146 1150 1404 1203 sphaericum
1448 1152 1647 1193 nucleum

221 1217 483 1271 adparenter
522 1218 771 1272 simplicem,
811 1219 1002 1272 gelatina
1037 1219 1272 1260 cohibitum
1305 1224 1346 1260 et
1376 1219 1464 1260 tela
1495 1220 1647 1261 arach-

225 1287 380 1328 noidea
410 1288 595 1328 cinctum
628 1288 834 1337 foventia3
877 1288 1051 1329 nucleus
1091 1289 1332 1342 gemmidiis
1364 1289 1590 1338 obconicis,
1623 1304 1648 1331 a

222 1354 430 1408 placentae
463 1356 594 1396 ramis
616 1356 900 1403 radiantibus,
925 1357 1161 1397 arctissime
1184 1357 1354 1409 stipatis
1376 1357 1646 1399 constitutus.

227 1422 542 1475 Splmn-osporce
573 1438 649 1476 per
680 1424 869 1465 ramulos
892 1438 1064 1477 sparsae,
1087 1424 1259 1465 demum
1282 1428 1540 1479 aggregatae,
1563 1426 1647 1466 cel-

222 1491 321 1534 lulis
339 1492 728 1535 infracorticalibus
746 1494 968 1540 immersae,
988 1493 1230 1535 rotundatae
1253 1493 1468 1546 triangule
1490 1494 1646 1536 divisae.

224 1610 519 1663 Pericarpium
552 1612 674 1653 initio
706 1611 898 1654 clausum
931 1611 1035 1652 mihi
1068 1611 1283 1665 adparuit,
1307 1611 1479 1652 demum
1500 1611 1646 1653 forsan

109 1683 344 1733 pertusum.
387 1679 576 1721 Nucleus
607 1682 724 1722 intra
755 1685 936 1722 stratum
969 1681 1196 1734 pericarpii
1228 1680 1431 1721 corticale
1462 1681 1648 1734 cingitur

110 1750 196 1791 tela
226 1750 517 1792 arachnoidea
548 1750 718 1792 filorum
750 1751 1183 1800 anastomosantium3
1230 1749 1285 1790 ab
1332 1752 1510 1790 externa
1541 1749 1648 1791 facie

109 1822 361 1871 conspectus
407 1819 587 1872 simplex
633 1819 855 1872 adpareat,
902 1819 1142 1872 gemmidiis
1190 1818 1386 1871 plurimis
1425 1832 1451 1859 a
1488 1822 1646 1871 puncto

109 1886 297 1940 quodam
329 1887 509 1928 centrali
541 1887 812 1928 radiantibus
844 1886 1056 1928 obconicis
1088 1891 1131 1928 et
1163 1887 1309 1928 basem
1340 1886 1434 1927 coni
1465 1887 1647 1928 subcon-

109 1969 261 1997 vexum
307 1959 549 1997 extrorsum
596 1956 871 1997 vertentibus.
932 1954 1018 1996 Nec
1051 1960 1194 1995 tamen
1226 1954 1369 1995 onmia
1415 1955 1648 2008 gemmidia

110 2023 368 2077 regulariter
400 2024 618 2064 radiantia
649 2024 910 2077 adpareant:
944 2037 1019 2064 nec
1050 2024 1203 2065 leniter
1232 2036 1474 2075 compresso
1497 2024 1647 2065 nucleo

110 2093 341 2147 gemmidia
386 2093 529 2134 omnia
574 2093 776 2133 radiatim
817 2093 871 2134 ab
911 2093 1057 2134 eodem
1104 2095 1262 2145 puncto
1309 2091 1525 2141 secedant,
1573 2093 1647 2134 sed

110 2161 364 2216 plerumque
396 2162 565 2203 diverso
597 2162 721 2203 inodo
754 2161 1013 2215 conglobata
1057 2160 1174 2202 fiant.
1237 2161 1431 2202 Sectione
1462 2160 1645 2202 feliciter

111 2230 241 2272 ducta
271 2230 512 2283 placentam
544 2243 570 2271 a
600 2230 733 2271 fundo
765 2230 1095 2271 adscendentem
1128 2230 1171 2270 in
1208 2229 1329 2271 lobes
1368 2229 1514 2282 plures
1546 2229 1646 2270 sub-

112 2298 305 2349 divisam,
337 2301 380 2339 et
411 2298 639 2350 gemmidia
669 2312 694 2338 a
726 2298 905 2351 singulis
936 2298 1068 2339 ramis
1099 2312 1174 2339 suo
1220 2297 1368 2339 ordine
1414 2297 1644 2348 radiantia,

111 2367 256 2407 videre
287 2366 470 2415 credidi,
504 2365 700 2419 pluribus
734 2365 841 2408 lobis
872 2366 934 2407 ita
964 2365 1278 2407 confluentibus
1310 2364 1541 2418 genimidia
1570 2366 1645 2405 mi-

112 2449 192 2476 nus
223 2434 482 2487 regulariter
528 2434 734 2487 disposita
782 2434 1034 2488 adpareant.
1095 2434 1216 2474 Intra
1254 2433 1401 2475 lobum
1434 2447 1646 2487 quemque

113 2503 336 2544 adscendit
367 2516 513 2543 ramus
544 2502 766 2555 placentae,
799 2507 848 2543 ut
878 2503 981 2543 mihi
1021 2502 1235 2555 adparuit,
1283 2501 1645 2554 subpaniculatim

113 2574 158 2612 at
180 2585 306 2624 parce
329 2584 535 2621 ramosus,
568 2571 761 2612 articulis
784 2571 981 2612 omnibus
1005 2570 1176 2611 demum
1199 2569 1388 2611 colorato
1410 2570 1645 2612 endochro-

112 2643 226 2680 mate
271 2638 431 2687 farctis,
479 2639 671 2680 omnibus
702 2643 750 2680 ut
780 2639 949 2680 videtur
980 2639 1022 2679 in
1061 2638 1292 2690 gennnidia
1337 2639 1645 2680 convertendis.

114 2706 281 2749 Sacculi
313 2706 476 2761 hyalini
507 2707 757 2758 ambientes,
789 2707 824 2747 si
846 2706 1025 2760 singulis
1047 2706 1285 2760 gemmidiis
1308 2706 1463 2756 adsint,
1487 2721 1642 2759 parum

114 2776 343 2831 conspicui,
376 2790 452 2817 nec
483 2776 661 2818 invicem
692 2776 861 2818 facilius
893 2776 1151 2827 secedentes,
1183 2779 1231 2817 ut
1252 2776 1295 2816 in
1316 2775 1571 2817 Cliondrieis
1603 2780 1646 2818 et

113 2843 415 2887 Rhodomeleis
446 2857 597 2886 norma
627 2847 702 2886 est.
