1762 3036
1698 78 1717 99 8

158 140 238 181 134
624 130 626 133 ¹
723 129 1117 179 CRYPTONEMIAOEAE.
1413 136 1465 178 H
1463 136 1688 190 alymem'a.

269 252 525 307 Halymenia
555 249 720 291 favellis
752 251 963 292 immersis
996 254 1038 291 et
1068 250 1238 292 defectu
1260 251 1519 305 placentaris
1550 249 1688 295 strati,

156 321 273 362 velut
316 322 409 374 ipsa
454 323 674 360 structura
718 320 857 360 nuclei
903 334 928 360 a
974 318 1282 373 Chrysymenia
1327 319 1485 365 differt,
1532 318 1687 358 habitu

156 394 302 432 autem
348 403 459 443 saepe
496 388 711 430 simillimo
750 389 956 436 convenit,
989 389 1210 442 speciebus
1241 390 1466 443 utriusque
1508 387 1689 429 Generis

158 460 330 501 easdem
376 458 536 499 formas
575 459 882 511 repetentibus.
942 458 978 498 A
1016 458 1249 499 Duniontia
1280 462 1322 499 et
1353 457 1524 500 Scinaia
1555 460 1691 497 struc-

156 532 257 569 tura
303 527 428 568 strati
459 525 686 577 corticalis,
725 540 802 567 nec
839 540 923 567 non
955 526 1232 579 cystocarpiis
1263 529 1483 567 structura
1514 523 1693 566 diversis

159 596 451 650 dignoscatur.
511 594 817 636 Meristotheca
859 598 1079 636 structura
1110 594 1199 635 fere
1232 594 1499 644 conveniens,
1541 591 1692 633 nucleo

158 665 415 720 cystocarpii
460 665 634 705 0111111110
680 663 847 705 diverso
893 663 1062 716 longius
1109 677 1259 704 revera
1297 663 1470 704 recedit.
1530 661 1692 702 Nucleo

158 733 416 788 cystocarpii
462 732 658 786 simplici,
691 731 804 773 infra
834 735 1063 785 utramque
1095 730 1364 784 superficiem
1404 744 1608 783 suspenso
1642 755 1693 759 -

158 816 235 843 nec
267 803 311 843 in
343 801 484 842 inedia
514 800 667 842 fronde
699 800 868 842 evoluto
901 825 951 828 ——
985 813 1011 840 a
1041 798 1314 853 Kallymenia
1344 798 1518 840 recedit.

272 870 443 924 Species
477 874 634 921 autem,
669 883 763 924 quae
796 868 1060 923 Halymeniae
1092 868 1222 909 hodie
1244 867 1506 918 referuntur,
1529 865 1696 908 nonita

159 939 343 980 invicem
393 952 607 993 congruae,
654 941 703 978 ut
747 942 862 979 certe
908 940 1098 978 statuere
1152 936 1292 986 liceat,
1347 949 1491 977 omnes
1545 948 1696 975 revera

160 1008 463 1062 congenericas
496 1021 600 1048 esse.
652 1005 749 1047 Jam
779 1006 823 1047 in
854 1005 1086 1059 Speciebus
1119 1004 1341 1058 Algarum,
1375 1003 1535 1057 species
1557 1002 1696 1044 diver—

161 1090 230 1118 sas
262 1076 522 1127 describens,
567 1074 752 1115 indicavi
784 1074 962 1115 cellulas
1000 1073 1126 1115 strati.
1158 1072 1373 1114 corticalis
1405 1072 1447 1112 in
1480 1070 1697 1112 nonnullis

161 1160 252 1187 esse
297 1144 561 1186 verticaliter
605 1143 770 1198 positas
817 1146 859 1183 et
896 1143 1174 1191 subseriatas,
1212 1142 1255 1182 in
1292 1141 1388 1181 aliis
1434 1153 1525 1182 esse
1556 1138 1698 1180 frondi

161 1214 408 1268 parallelas.
468 1213 658 1254 Nucleus
705 1211 961 1266 cystocarpii
1007 1212 1051 1251 in
1082 1210 1133 1251 H.
1165 1210 1348 1263 ligulata
1380 1208 1584 1262 pellicula
1613 1207 1698 1248 evi-

161 1282 356 1325 dentiore
389 1286 431 1323 et
461 1281 600 1335 magis
630 1280 772 1322 tenaci
804 1293 934 1333 quam
964 1279 1008 1320 in
1039 1279 1090 1320 H.
1123 1278 1314 1320 Floresia
1344 1277 1575 1327 cohibitur3
1607 1276 1701 1328 ipsa

162 1351 395 1405 gemmidia
439 1351 483 1391 in
527 1349 579 1390 H.
626 1348 811 1402 ligulata
855 1347 1093 1389 evidentius
1140 1347 1312 1396 seriata,
1360 1345 1486 1399 quasi
1529 1345 1573 1385 in
1618 1343 1701 1384 filis

162 1419 426 1461 fasciculatis
472 1418 652 1459 ramosis
691 1430 717 1457 a
753 1420 911 1469 puncto
952 1415 1139 1469 quodam
1177 1414 1316 1456 basali
1347 1414 1463 1454 intra
1503 1411 1701 1454 nucleum

164 1490 246 1531 sito
291 1487 641 1542 provenientibus
686 1485 892 1533 formata3
934 1485 977 1526 in
1009 1485 1104 1525 Hal.
1145 1484 1338 1525 Floresia
1375 1482 1523 1523 ordine
1561 1482 1702 1522 01111115

165 1557 406 1610 conspicuo,
431 1555 553 1609 quasi
576 1568 601 1596 a
617 1558 775 1608 puncto
794 1553 973 1595 centrali
992 1566 1337 1607 quoquoversum
1354 1551 1591 1599 radiantia3
1609 1549 1702 1602 pla-

166 1630 303 1673 centa,
337 1625 371 1666 si
403 1628 610 1677 punctum
643 1621 789 1664 basale
821 1622 882 1663 ita
913 1622 1190 1662 denominare
1221 1621 1334 1669 licet,
1367 1620 1409 1660 in
1441 1618 1493 1659 H.
1520 1618 1704 1672 ligulata

165 1694 457 1748 peripheriam
489 1695 654 1745 spectat
685 1691 868 1741 frondis:
902 1691 945 1731 in
975 1690 1027 1731 H.
1060 1690 1252 1730 Floresia
1282 1688 1459 1729 nucleus
1490 1687 1602 1728 inter
1631 1686 1704 1726 fila

167 1762 292 1804 strati
339 1761 556 1802 interioris
602 1760 663 1800 ita
705 1772 937 1812 suspensus
968 1762 1017 1799 ut
1047 1761 1216 1811 partem
1247 1756 1440 1798 basalem
1471 1756 1705 1796 introrsam

167 1830 378 1872 crederes.
439 1830 489 1870 In
520 1828 571 1869 H.
604 1827 795 1868 Floresia
825 1827 1161 1879 carpostomium
1193 1826 1336 1875 adest;
1369 1825 1413 1865 in
1444 1823 1501 1875 H„
1523 1823 1706 1876 ligulata

167 1898 336 1940 nullum
381 1898 478 1939 vidi.
540 1897 590 1938 In
636 1896 732 1937 aliis
764 1895 983 1937 nonnullis
1015 1895 1087 1948 (H.
1120 1892 1499 1948 Kallymenioides,
1532 1892 1582 1933 H.
1617 1892 1705 1932 Mo-

168 1967 393 2017 nardiana,
441 1970 483 2006 et
528 1964 742 2006 Sebdenia
788 1964 1043 2017 platycarpa
1081 1962 1230 2014 Harv.)
1262 1961 1336 2002 fila
1368 1961 1575 2001 interiora
1607 1964 1707 2001 sunt

171 2036 371 2077 densiora
401 2048 532 2088 quam
562 2034 607 2074 in
637 2032 805 2074 caeteris
837 2031 1074 2085 speciebus,
1107 2034 1149 2071 et
1179 2029 1436 2071 medullari-a
1466 2029 1618 2069 intima
1640 2028 1707 2068 hic

170 2105 259 2146 11110
305 2104 510 2153 firmiora,
558 2103 682 2156 quasi
728 2101 861 2143 nodos
901 2101 1162 2141 incrassatos
1201 2102 1243 2140 et
1273 2098 1496 2149 coloratos,
1529 2097 1708 2138 invicem

172 2174 396 2223 distantes,
429 2176 474 2213 at
504 2173 887 2217 anastomosantes,
920 2169 1170 2216 formantia3
1203 2167 1292 2208 fere
1313 2167 1477 2208 diceres
1500 2165 1709 2218 primaria

171 2242 257 2292 fila,
290 2242 446 2296 quibus
478 2240 745 2282 sustinentur
775 2237 1033 2279 secundaria
1055 2236 1289 2278 ambientia
1309 2235 1519 2276 tenuiora.
1552 2233 1708 2275 Utrum

173 2310 426 2352 differentiee
463 2309 506 2349 in
538 2311 760 2349 structura
789 2305 953 2347 frondis
984 2305 1195 2355 indicatae,
1229 2318 1325 2344 cum
1357 2303 1615 2355 diversitate}
1647 2302 1709 2344 a]-

173 2379 265 2420 lata
294 2378 515 2419 fructuum
547 2390 716 2429 semper
747 2375 1034 2429 conjungitur,
1069 2373 1186 2414 haud
1217 2372 1363 2426 liquet,
1396 2371 1539 2412 fructu
1571 2375 1709 2425 cysto-

177 2447 346 2500 carpico
392 2447 435 2487 in
483 2444 681 2498 plurimis
713 2444 931 2496 speciebus
964 2441 1151 2483 nondum
1183 2441 1265 2481 rite
1297 2440 1479 2493 cognito.
1540 2439 1711 2479 Interea

176 2516 221 2557 in
253 2514 476 2568 speciebus
508 2511 799 2565 disponendis,
833 2510 1099 2559 differentiis,
1123 2523 1217 2562 quae
1240 2509 1283 2549 in
1307 2510 1525 2562 structura
1546 2505 1709 2547 frondis

178 2583 347 2633 adsunt,
380 2582 579 2622 insistere
610 2594 734 2633 posse
766 2578 942 2620 credidi.

178 2724 209 2764 Ι.
260 2723 468 2764 SEBDENIA
522 2720 636 2762 Fe'le's
682 2721 812 2761 strate?
855 2718 1073 2760 inferioris
1119 2717 1276 2757 sensim
1326 2714 1592 2756 densioribus
1614 2714 1713 2767 fere

283 2791 487 2844 frondem
526 2790 721 2842 sardam
758 2786 1118 2840 peream-entihus,
1162 2785 1324 2824 intimi-s
1371 2783 1630 2824 szcbclirersis
1675 2786 1711 2822 et

293 2859 420 2910 (semsi
453 2856 757 2898 medullare'lms
789 2857 949 2897 demum
973 2852 1242 2908 firmioribus
1273 2851 1404 2892 nodos
1450 2851 1711 2891 c‘m·¹ra2s·.s(ctos
