<?xml version="1.0" encoding="UTF-8"?>
<!DOCTYPE html PUBLIC "-//W3C//DTD XHTML 1.0 Transitional//EN"
    "http://www.w3.org/TR/xhtml1/DTD/xhtml1-transitional.dtd">
<html xmlns="http://www.w3.org/1999/xhtml" xml:lang="en" lang="en">
 <head>
  <title>
</title>
<meta http-equiv="Content-Type" content="text/html;charset=utf-8" />
  <meta name='ocr-system' content='tesseract 3.04.00' />
  <meta name='ocr-capabilities' content='ocr_page ocr_carea ocr_par ocr_line ocrx_word'/>
</head>
<body>
  <div class='ocr_page' id='page_1' title='image "./speciesgeneraeto0301agar_0343.png"; bbox 0 0 1757 3114; ppageno 0'>
   <div class='ocr_carea' id='block_1_1' title="bbox 94 96 1618 165">
    <p class='ocr_par' dir='ltr' id='par_1_1' title="bbox 94 96 1618 165">
     <span class='ocr_line' id='line_1_1' title="bbox 94 96 1618 165; baseline 0 -24"><span class='ocrx_word' id='word_1_1' title='bbox 94 96 429 165; x_wconf 53' lang='lat' dir='ltr'>Gordylecladiq.</span> <span class='ocrx_word' id='word_1_2' title='bbox 663 97 1050 140; x_wconf 76' lang='lat' dir='ltr'>RHODYMENIAGEAE.</span> <span class='ocrx_word' id='word_1_3' title='bbox 1539 100 1618 141; x_wconf 73' lang='lat'>327</span> 
     </span>
    </p>
   </div>
   <div class='ocr_carea' id='block_1_2' title="bbox 90 198 1634 746">
    <p class='ocr_par' dir='ltr' id='par_1_2' title="bbox 90 198 1634 746">
     <span class='ocr_line' id='line_1_2' title="bbox 90 198 1623 266; baseline 0.001 -13"><span class='ocrx_word' id='word_1_4' title='bbox 90 212 126 253; x_wconf 82' lang='lat'>3.</span> <span class='ocrx_word' id='word_1_5' title='bbox 158 210 201 254; x_wconf 84' lang='lat' dir='ltr'>G.</span> <span class='ocrx_word' id='word_1_6' title='bbox 233 223 492 252; x_wconf 74' lang='lat' dir='ltr'><strong>FUROELLATA</strong></span> <span class='ocrx_word' id='word_1_7' title='bbox 523 198 592 265; x_wconf 68' lang='lat' dir='ltr'>(J.</span> <span class='ocrx_word' id='word_1_8' title='bbox 623 213 701 265; x_wconf 69' lang='lat' dir='ltr'>Ay.</span> <span class='ocrx_word' id='word_1_9' title='bbox 737 212 880 266; x_wconf 72' lang='lat' dir='ltr'>mser.)</span> <span class='ocrx_word' id='word_1_10' title='bbox 925 209 1152 253; x_wconf 82' lang='lat' dir='ltr'>frondibus</span> <span class='ocrx_word' id='word_1_11' title='bbox 1183 224 1209 252; x_wconf 90' lang='lat' dir='ltr'>a</span> <span class='ocrx_word' id='word_1_12' title='bbox 1240 211 1356 253; x_wconf 90' lang='lat' dir='ltr'>disco</span> <span class='ocrx_word' id='word_1_13' title='bbox 1401 217 1623 255; x_wconf 85' lang='lat' dir='ltr'>crustaceo</span> 
     </span>
     <span class='ocr_line' id='line_1_3' title="bbox 201 278 1622 334; baseline 0.001 -14"><span class='ocrx_word' id='word_1_14' title='bbox 201 279 493 322; x_wconf 90' lang='lat' dir='ltr'>erectiusculis</span> <span class='ocrx_word' id='word_1_15' title='bbox 526 293 576 321; x_wconf 87' lang='lat' dir='ltr'>ex</span> <span class='ocrx_word' id='word_1_16' title='bbox 606 279 735 321; x_wconf 89' lang='lat' dir='ltr'>tereti</span> <span class='ocrx_word' id='word_1_17' title='bbox 766 278 1064 333; x_wconf 87' lang='lat' dir='ltr'>subangulatis</span> <span class='ocrx_word' id='word_1_18' title='bbox 1090 295 1148 309; x_wconf 89' lang='lat'>·——</span> <span class='ocrx_word' id='word_1_19' title='bbox 1173 280 1456 322; x_wconf 72' lang='lat' dir='ltr'>exsiccatione</span> <span class='ocrx_word' id='word_1_20' title='bbox 1487 295 1622 334; x_wconf 83' lang='lat' dir='ltr'>angu-</span> 
     </span>
     <span class='ocr_line' id='line_1_4' title="bbox 200 347 1622 403; baseline 0.002 -14"><span class='ocrx_word' id='word_1_21' title='bbox 200 347 299 389; x_wconf 88' lang='lat' dir='ltr'>latis</span> <span class='ocrx_word' id='word_1_22' title='bbox 331 374 384 379; x_wconf 87' lang='lat'>——</span> <span class='ocrx_word' id='word_1_23' title='bbox 416 347 628 389; x_wconf 75' lang='lat' dir='ltr'>distanter</span> <span class='ocrx_word' id='word_1_24' title='bbox 659 348 913 390; x_wconf 86' lang='lat' dir='ltr'>dichotomis</span> <span class='ocrx_word' id='word_1_25' title='bbox 945 348 1224 397; x_wconf 74' lang='lat' dir='ltr'>nudiusculis‚</span> <span class='ocrx_word' id='word_1_26' title='bbox 1264 349 1397 390; x_wconf 85' lang='lat' dir='ltr'>ramis</span> <span class='ocrx_word' id='word_1_27' title='bbox 1437 351 1622 403; x_wconf 79' lang='lat' dir='ltr'>sparsim</span> 
     </span>
     <span class='ocr_line' id='line_1_5' title="bbox 199 416 1622 471; baseline 0 -11"><span class='ocrx_word' id='word_1_28' title='bbox 199 418 442 460; x_wconf 75' lang='lat' dir='ltr'>constrictis</span> <span class='ocrx_word' id='word_1_29' title='bbox 474 420 517 459; x_wconf 89' lang='lat' dir='ltr'>et</span> <span class='ocrx_word' id='word_1_30' title='bbox 547 431 573 458; x_wconf 91' lang='lat' dir='ltr'>a</span> <span class='ocrx_word' id='word_1_31' title='bbox 604 418 810 459; x_wconf 82' lang='lat' dir='ltr'>strictura</span> <span class='ocrx_word' id='word_1_32' title='bbox 845 416 1075 471; x_wconf 64' lang='lat' dir='ltr'>proliferis,</span> <span class='ocrx_word' id='word_1_33' title='bbox 1109 419 1286 459; x_wconf 87' lang='lat' dir='ltr'>summis</span> <span class='ocrx_word' id='word_1_34' title='bbox 1316 419 1386 460; x_wconf 87' lang='lat' dir='ltr'>vix</span> <span class='ocrx_word' id='word_1_35' title='bbox 1416 420 1622 461; x_wconf 89' lang='lat' dir='ltr'>tenuiori-</span> 
     </span>
     <span class='ocr_line' id='line_1_6' title="bbox 198 486 1620 541; baseline 0.001 -14"><span class='ocrx_word' id='word_1_36' title='bbox 198 489 275 528; x_wconf 89' lang='lat' dir='ltr'>bns</span> <span class='ocrx_word' id='word_1_37' title='bbox 309 486 627 537; x_wconf 76' lang='lat' dir='ltr'>obtusiusculis‚</span> <span class='ocrx_word' id='word_1_38' title='bbox 660 486 937 541; x_wconf 85' lang='lat' dir='ltr'>cystocarpiis</span> <span class='ocrx_word' id='word_1_39' title='bbox 969 486 1025 526; x_wconf 89' lang='lat' dir='ltr'>ad</span> <span class='ocrx_word' id='word_1_40' title='bbox 1065 486 1257 528; x_wconf 88' lang='lat' dir='ltr'>ramulos</span> <span class='ocrx_word' id='word_1_41' title='bbox 1294 487 1364 528; x_wconf 88' lang='lat' dir='ltr'>hic</span> <span class='ocrx_word' id='word_1_42' title='bbox 1394 487 1482 529; x_wconf 91' lang='lat' dir='ltr'>illic</span> <span class='ocrx_word' id='word_1_43' title='bbox 1512 490 1620 529; x_wconf 88' lang='lat' dir='ltr'>irre-</span> 
     </span>
     <span class='ocr_line' id='line_1_7' title="bbox 199 554 1618 609; baseline 0.001 -14"><span class='ocrx_word' id='word_1_44' title='bbox 199 554 409 609; x_wconf 89' lang='lat' dir='ltr'>gulariter</span> <span class='ocrx_word' id='word_1_45' title='bbox 455 556 717 609; x_wconf 79' lang='lat' dir='ltr'>aggregatis.</span> <span class='ocrx_word' id='word_1_46' title='bbox 765 554 1118 608; x_wconf 66' lang='lat' dir='ltr'>Gynmoyonfsrus</span> <span class='ocrx_word' id='word_1_47' title='bbox 1163 554 1426 608; x_wconf 64' lang='lat' dir='ltr'>scarcellatus</span> <span class='ocrx_word' id='word_1_48' title='bbox 1480 555 1618 597; x_wconf 80' lang='lat' dir='ltr'>Harv.</span> 
     </span>
     <span class='ocr_line' id='line_1_8' title="bbox 199 622 1634 677; baseline 0.003 -12"><span class='ocrx_word' id='word_1_49' title='bbox 199 623 297 676; x_wconf 63' lang='lat' dir='ltr'>Alq.</span> <span class='ocrx_word' id='word_1_50' title='bbox 331 627 465 665; x_wconf 75' lang='lat' dir='ltr'>austr.</span> <span class='ocrx_word' id='word_1_51' title='bbox 487 625 634 665; x_wconf 69' lang='lat' dir='ltr'>exsicc.</span> <span class='ocrx_word' id='word_1_52' title='bbox 657 637 726 665; x_wconf 64' lang='lat' dir='ltr'>mo</span> <span class='ocrx_word' id='word_1_53' title='bbox 748 622 828 664; x_wconf 72' lang='lat'>295</span> <span class='ocrx_word' id='word_1_54' title='bbox 851 622 994 676; x_wconf 86' lang='lat' dir='ltr'>quoad</span> <span class='ocrx_word' id='word_1_55' title='bbox 1017 637 1079 676; x_wconf 85' lang='lat' dir='ltr'>sp.</span> <span class='ocrx_word' id='word_1_56' title='bbox 1103 636 1124 664; x_wconf 94' lang='lat' dir='ltr'>e</span> <span class='ocrx_word' id='word_1_57' title='bbox 1146 623 1251 664; x_wconf 89' lang='lat' dir='ltr'>Port</span> <span class='ocrx_word' id='word_1_58' title='bbox 1272 623 1416 677; x_wconf 84' lang='lat' dir='ltr'>Philip</span> <span class='ocrx_word' id='word_1_59' title='bbox 1437 623 1595 666; x_wconf 88' lang='lat' dir='ltr'>Heads.</span> <span class='ocrx_word' id='word_1_60' title='bbox 1610 624 1634 669; x_wconf 66' lang='lat' dir='ltr'>l,</span> 
     </span>
     <span class='ocr_line' id='line_1_9' title="bbox 197 691 538 746; baseline 0 -14"><span class='ocrx_word' id='word_1_61' title='bbox 197 692 296 746; x_wconf 88' lang='lat' dir='ltr'>(nec</span> <span class='ocrx_word' id='word_1_62' title='bbox 326 691 538 745; x_wconf 84' lang='lat' dir='ltr'>Agardh).</span> 
     </span>
    </p>
   </div>
   <div class='ocr_carea' id='block_1_3' title="bbox 196 771 1618 882">
    <p class='ocr_par' dir='ltr' id='par_1_3' title="bbox 196 771 1618 882">
     <span class='ocr_line' id='line_1_10' title="bbox 196 771 1618 828; baseline 0.002 -16"><span class='ocrx_word' id='word_1_63' title='bbox 196 772 262 813; x_wconf 92' lang='lat' dir='ltr'>Ad</span> <span class='ocrx_word' id='word_1_64' title='bbox 301 771 464 814; x_wconf 89' lang='lat' dir='ltr'>Novam</span> <span class='ocrx_word' id='word_1_65' title='bbox 509 771 788 814; x_wconf 88' lang='lat' dir='ltr'>Hollandiam</span> <span class='ocrx_word' id='word_1_66' title='bbox 833 772 1090 823; x_wconf 79' lang='lat' dir='ltr'>australem3</span> <span class='ocrx_word' id='word_1_67' title='bbox 1137 786 1159 813; x_wconf 90' lang='lat' dir='ltr'>e</span> <span class='ocrx_word' id='word_1_68' title='bbox 1203 772 1308 815; x_wconf 90' lang='lat' dir='ltr'>Port</span> <span class='ocrx_word' id='word_1_69' title='bbox 1352 773 1525 828; x_wconf 75' lang='lat' dir='ltr'>Phillip,</span> <span class='ocrx_word' id='word_1_70' title='bbox 1572 774 1618 815; x_wconf 82' lang='lat' dir='ltr'>F.</span> 
     </span>
     <span class='ocr_line' id='line_1_11' title="bbox 347 839 540 882; baseline -0.01 -1"><span class='ocrx_word' id='word_1_71' title='bbox 347 839 540 882; x_wconf 88' lang='lat' dir='ltr'>Mueller.</span> 
     </span>
    </p>
   </div>
   <div class='ocr_carea' id='block_1_4' title="bbox 27 918 1618 1768">
    <p class='ocr_par' dir='ltr' id='par_1_4' title="bbox 27 918 1618 1768">
     <span class='ocr_line' id='line_1_12' title="bbox 173 918 1618 966; baseline 0.002 -13"><span class='ocrx_word' id='word_1_72' title='bbox 173 918 283 954; x_wconf 89' lang='lat' dir='ltr'>Cord.</span> <span class='ocrx_word' id='word_1_73' title='bbox 309 918 510 953; x_wconf 75' lang='lat' dir='ltr'>furcellata</span> <span class='ocrx_word' id='word_1_74' title='bbox 533 919 636 953; x_wconf 87' lang='lat' dir='ltr'>inter</span> <span class='ocrx_word' id='word_1_75' title='bbox 660 919 777 965; x_wconf 83' lang='lat' dir='ltr'>Algas</span> <span class='ocrx_word' id='word_1_76' title='bbox 804 919 919 954; x_wconf 85' lang='lat' dir='ltr'>Novae</span> <span class='ocrx_word' id='word_1_77' title='bbox 945 919 1159 955; x_wconf 84' lang='lat' dir='ltr'>Hollandiae</span> <span class='ocrx_word' id='word_1_78' title='bbox 1191 920 1320 965; x_wconf 89' lang='lat' dir='ltr'>plures</span> <span class='ocrx_word' id='word_1_79' title='bbox 1351 923 1460 955; x_wconf 88' lang='lat' dir='ltr'>caute</span> <span class='ocrx_word' id='word_1_80' title='bbox 1486 921 1618 966; x_wconf 84' lang='lat' dir='ltr'>digno-</span> 
     </span>
     <span class='ocr_line' id='line_1_13' title="bbox 81 976 1616 1022; baseline 0.001 -10"><span class='ocrx_word' id='word_1_81' title='bbox 81 977 231 1012; x_wconf 85' lang='lat' dir='ltr'>scenda.</span> <span class='ocrx_word' id='word_1_82' title='bbox 279 976 422 1011; x_wconf 88' lang='lat' dir='ltr'>Habitu</span> <span class='ocrx_word' id='word_1_83' title='bbox 447 976 593 1011; x_wconf 85' lang='lat' dir='ltr'>frondis</span> <span class='ocrx_word' id='word_1_84' title='bbox 621 980 659 1011; x_wconf 87' lang='lat' dir='ltr'>et</span> <span class='ocrx_word' id='word_1_85' title='bbox 686 977 916 1022; x_wconf 84' lang='lat' dir='ltr'>expansione</span> <span class='ocrx_word' id='word_1_86' title='bbox 948 978 1107 1012; x_wconf 84' lang='lat' dir='ltr'>radicali</span> <span class='ocrx_word' id='word_1_87' title='bbox 1145 981 1342 1013; x_wconf 87' lang='lat' dir='ltr'>crustacea</span> <span class='ocrx_word' id='word_1_88' title='bbox 1377 979 1455 1013; x_wconf 82' lang='lat' dir='ltr'>fere</span> <span class='ocrx_word' id='word_1_89' title='bbox 1482 991 1616 1014; x_wconf 88' lang='lat' dir='ltr'>conve-</span> 
     </span>
     <span class='ocr_line' id='line_1_14' title="bbox 78 1032 1617 1077; baseline 0.002 -9"><span class='ocrx_word' id='word_1_90' title='bbox 78 1034 188 1068; x_wconf 88' lang='lat' dir='ltr'>niunt</span> <span class='ocrx_word' id='word_1_91' title='bbox 216 1033 256 1068; x_wconf 79' lang='lat' dir='ltr'>C.</span> <span class='ocrx_word' id='word_1_92' title='bbox 283 1032 497 1077; x_wconf 81' lang='lat' dir='ltr'>furceHata,</span> <span class='ocrx_word' id='word_1_93' title='bbox 516 1033 710 1068; x_wconf 89' lang='lat' dir='ltr'>Dicurella</span> <span class='ocrx_word' id='word_1_94' title='bbox 728 1034 914 1068; x_wconf 86' lang='lat' dir='ltr'>concinna</span> <span class='ocrx_word' id='word_1_95' title='bbox 932 1037 970 1069; x_wconf 84' lang='lat' dir='ltr'>et</span> <span class='ocrx_word' id='word_1_96' title='bbox 987 1035 1237 1069; x_wconf 87' lang='lat' dir='ltr'>Melanthalia</span> <span class='ocrx_word' id='word_1_97' title='bbox 1256 1035 1484 1070; x_wconf 82' lang='lat' dir='ltr'>intermedia</span> <span class='ocrx_word' id='word_1_98' title='bbox 1500 1036 1617 1072; x_wconf 87' lang='lat' dir='ltr'>Harv.</span> 
     </span>
     <span class='ocr_line' id='line_1_15' title="bbox 79 1090 1618 1138; baseline 0.001 -12"><span class='ocrx_word' id='word_1_99' title='bbox 79 1090 369 1135; x_wconf 86' lang='lat' dir='ltr'>Cordylecladia</span> <span class='ocrx_word' id='word_1_100' title='bbox 394 1090 651 1125; x_wconf 83' lang='lat' dir='ltr'>exsiccatione</span> <span class='ocrx_word' id='word_1_101' title='bbox 677 1090 722 1125; x_wconf 86' lang='lat' dir='ltr'>fit</span> <span class='ocrx_word' id='word_1_102' title='bbox 752 1091 831 1125; x_wconf 84' lang='lat' dir='ltr'>fere</span> <span class='ocrx_word' id='word_1_103' title='bbox 868 1092 1306 1138; x_wconf 55' lang='lat' dir='ltr'>prismaticmangulata,</span> <span class='ocrx_word' id='word_1_104' title='bbox 1345 1092 1439 1126; x_wconf 88' lang='lat' dir='ltr'>rami</span> <span class='ocrx_word' id='word_1_105' title='bbox 1476 1094 1618 1128; x_wconf 85' lang='lat' dir='ltr'>novelli</span> 
     </span>
     <span class='ocr_line' id='line_1_16' title="bbox 27 1147 1617 1195; baseline 0.001 -12"><span class='ocrx_word' id='word_1_106' title='bbox 27 1178 36 1179; x_wconf 21' lang='grc' dir='ltr'><strong><em>ἶ</em></strong></span> <span class='ocrx_word' id='word_1_107' title='bbox 78 1148 185 1193; x_wconf 86' lang='lat' dir='ltr'>quasi</span> <span class='ocrx_word' id='word_1_108' title='bbox 211 1160 230 1182; x_wconf 90' lang='lat' dir='ltr'>e</span> <span class='ocrx_word' id='word_1_109' title='bbox 257 1148 440 1183; x_wconf 84' lang='lat' dir='ltr'>strictura</span> <span class='ocrx_word' id='word_1_110' title='bbox 464 1147 610 1183; x_wconf 85' lang='lat' dir='ltr'>frondis</span> <span class='ocrx_word' id='word_1_111' title='bbox 636 1148 880 1193; x_wconf 88' lang='lat' dir='ltr'>proveniunt,</span> <span class='ocrx_word' id='word_1_112' title='bbox 908 1148 1133 1184; x_wconf 86' lang='lat' dir='ltr'>ramificatio</span> <span class='ocrx_word' id='word_1_113' title='bbox 1159 1150 1283 1184; x_wconf 84' lang='lat' dir='ltr'>minus</span> <span class='ocrx_word' id='word_1_114' title='bbox 1310 1150 1545 1195; x_wconf 84' lang='lat' dir='ltr'>regulariter</span> <span class='ocrx_word' id='word_1_115' title='bbox 1562 1150 1617 1184; x_wconf 91' lang='lat' dir='ltr'>di-</span> 
     </span>
     <span class='ocr_line' id='line_1_17' title="bbox 78 1205 1617 1251; baseline 0.001 -10"><span class='ocrx_word' id='word_1_116' title='bbox 78 1207 264 1250; x_wconf 86' lang='lat' dir='ltr'>chotoma‚</span> <span class='ocrx_word' id='word_1_117' title='bbox 291 1206 509 1241; x_wconf 87' lang='lat' dir='ltr'>nullomodo</span> <span class='ocrx_word' id='word_1_118' title='bbox 529 1205 738 1251; x_wconf 79' lang='lat' dir='ltr'>fastigiata,</span> <span class='ocrx_word' id='word_1_119' title='bbox 765 1218 887 1251; x_wconf 86' lang='lat' dir='ltr'>neque</span> <span class='ocrx_word' id='word_1_120' title='bbox 909 1207 1035 1241; x_wconf 74' lang='lat' dir='ltr'>axillae</span> <span class='ocrx_word' id='word_1_121' title='bbox 1054 1208 1283 1242; x_wconf 80' lang='lat' dir='ltr'>rotundatae.</span> <span class='ocrx_word' id='word_1_122' title='bbox 1317 1208 1513 1243; x_wconf 81' lang='lat' dir='ltr'>Dicnrella</span> <span class='ocrx_word' id='word_1_123' title='bbox 1530 1221 1617 1244; x_wconf 89' lang='lat' dir='ltr'>con-</span> 
     </span>
     <span class='ocr_line' id='line_1_18' title="bbox 77 1262 1617 1310; baseline 0.003 -14"><span class='ocrx_word' id='word_1_124' title='bbox 77 1263 188 1297; x_wconf 89' lang='lat' dir='ltr'>cinna</span> <span class='ocrx_word' id='word_1_125' title='bbox 214 1266 252 1297; x_wconf 90' lang='lat' dir='ltr'>et</span> <span class='ocrx_word' id='word_1_126' title='bbox 277 1262 527 1297; x_wconf 88' lang='lat' dir='ltr'>Melanthalia</span> <span class='ocrx_word' id='word_1_127' title='bbox 553 1263 808 1298; x_wconf 84' lang='lat' dir='ltr'>exsiccatione</span> <span class='ocrx_word' id='word_1_128' title='bbox 836 1264 1096 1298; x_wconf 79' lang='lat' dir='ltr'>teretiusculae</span> <span class='ocrx_word' id='word_1_129' title='bbox 1124 1265 1323 1310; x_wconf 74' lang='lat' dir='ltr'>adparent,</span> <span class='ocrx_word' id='word_1_130' title='bbox 1362 1265 1489 1300; x_wconf 82' lang='lat' dir='ltr'>axillae</span> <span class='ocrx_word' id='word_1_131' title='bbox 1528 1270 1617 1301; x_wconf 86' lang='lat' dir='ltr'>sunt</span> 
     </span>
     <span class='ocr_line' id='line_1_19' title="bbox 75 1319 1616 1368; baseline 0.003 -14"><span class='ocrx_word' id='word_1_132' title='bbox 75 1319 305 1364; x_wconf 78' lang='lat' dir='ltr'>rotundatae,</span> <span class='ocrx_word' id='word_1_133' title='bbox 333 1323 371 1354; x_wconf 88' lang='lat' dir='ltr'>et</span> <span class='ocrx_word' id='word_1_134' title='bbox 395 1319 618 1355; x_wconf 85' lang='lat' dir='ltr'>ramificatio</span> <span class='ocrx_word' id='word_1_135' title='bbox 646 1320 782 1354; x_wconf 84' lang='lat' dir='ltr'>eximie</span> <span class='ocrx_word' id='word_1_136' title='bbox 809 1320 1254 1367; x_wconf 84' lang='lat' dir='ltr'>dichotomo-fastigiata.</span> <span class='ocrx_word' id='word_1_137' title='bbox 1304 1323 1348 1357; x_wconf 91' lang='lat' dir='ltr'>In</span> <span class='ocrx_word' id='word_1_138' title='bbox 1376 1323 1616 1368; x_wconf 85' lang='lat' dir='ltr'>Cordylecla-</span> 
     </span>
     <span class='ocr_line' id='line_1_20' title="bbox 76 1377 1615 1426; baseline 0.003 -14"><span class='ocrx_word' id='word_1_139' title='bbox 76 1378 138 1412; x_wconf 86' lang='lat' dir='ltr'>dia</span> <span class='ocrx_word' id='word_1_140' title='bbox 162 1389 286 1413; x_wconf 88' lang='lat' dir='ltr'>ramos</span> <span class='ocrx_word' id='word_1_141' title='bbox 300 1377 506 1422; x_wconf 82' lang='lat' dir='ltr'>juveniles,</span> <span class='ocrx_word' id='word_1_142' title='bbox 527 1388 547 1410; x_wconf 89' lang='lat' dir='ltr'>a</span> <span class='ocrx_word' id='word_1_143' title='bbox 565 1377 747 1412; x_wconf 86' lang='lat' dir='ltr'>strictura</span> <span class='ocrx_word' id='word_1_144' title='bbox 765 1378 958 1412; x_wconf 86' lang='lat' dir='ltr'>terminali</span> <span class='ocrx_word' id='word_1_145' title='bbox 976 1378 1262 1424; x_wconf 82' lang='lat' dir='ltr'>provenientes,</span> <span class='ocrx_word' id='word_1_146' title='bbox 1284 1381 1464 1415; x_wconf 75' lang='lat' dir='ltr'>obovatos</span> <span class='ocrx_word' id='word_1_147' title='bbox 1490 1381 1615 1426; x_wconf 73' lang='lat' dir='ltr'>video,</span> 
     </span>
     <span class='ocr_line' id='line_1_21' title="bbox 74 1434 1616 1484; baseline 0.003 -16"><span class='ocrx_word' id='word_1_148' title='bbox 74 1434 114 1468; x_wconf 91' lang='lat' dir='ltr'>in</span> <span class='ocrx_word' id='word_1_149' title='bbox 139 1434 274 1479; x_wconf 87' lang='lat' dir='ltr'>quibus</span> <span class='ocrx_word' id='word_1_150' title='bbox 302 1435 451 1469; x_wconf 87' lang='lat' dir='ltr'>demum</span> <span class='ocrx_word' id='word_1_151' title='bbox 479 1434 763 1479; x_wconf 76' lang='lat' dir='ltr'>sphaerosporas</span> <span class='ocrx_word' id='word_1_152' title='bbox 791 1435 962 1470; x_wconf 82' lang='lat' dir='ltr'>evolutas</span> <span class='ocrx_word' id='word_1_153' title='bbox 990 1435 1221 1480; x_wconf 83' lang='lat' dir='ltr'>suspicarer;</span> <span class='ocrx_word' id='word_1_154' title='bbox 1254 1436 1293 1471; x_wconf 89' lang='lat' dir='ltr'>in</span> <span class='ocrx_word' id='word_1_155' title='bbox 1318 1437 1513 1472; x_wconf 86' lang='lat' dir='ltr'>Dicurella</span> <span class='ocrx_word' id='word_1_156' title='bbox 1538 1439 1616 1484; x_wconf 88' lang='lat' dir='ltr'>api-</span> 
     </span>
     <span class='ocr_line' id='line_1_22' title="bbox 75 1491 1617 1540; baseline 0.003 -15"><span class='ocrx_word' id='word_1_157' title='bbox 75 1503 136 1526; x_wconf 88' lang='lat' dir='ltr'>ces</span> <span class='ocrx_word' id='word_1_158' title='bbox 162 1492 203 1526; x_wconf 91' lang='lat' dir='ltr'>in</span> <span class='ocrx_word' id='word_1_159' title='bbox 227 1493 392 1526; x_wconf 86' lang='lat' dir='ltr'>ramulos</span> <span class='ocrx_word' id='word_1_160' title='bbox 431 1492 576 1537; x_wconf 76' lang='lat' dir='ltr'>plures,</span> <span class='ocrx_word' id='word_1_161' title='bbox 603 1503 623 1524; x_wconf 86' lang='lat' dir='ltr'>a</span> <span class='ocrx_word' id='word_1_162' title='bbox 648 1491 731 1526; x_wconf 82' lang='lat' dir='ltr'>basi</span> <span class='ocrx_word' id='word_1_163' title='bbox 755 1492 893 1527; x_wconf 84' lang='lat' dir='ltr'>latiore</span> <span class='ocrx_word' id='word_1_164' title='bbox 919 1492 1167 1538; x_wconf 82' lang='lat' dir='ltr'>acuminatos,</span> <span class='ocrx_word' id='word_1_165' title='bbox 1202 1494 1417 1529; x_wconf 87' lang='lat' dir='ltr'>subdivisos</span> <span class='ocrx_word' id='word_1_166' title='bbox 1450 1495 1543 1540; x_wconf 86' lang='lat' dir='ltr'>vidi,</span> <span class='ocrx_word' id='word_1_167' title='bbox 1578 1500 1617 1530; x_wconf 85' lang='lat' dir='ltr'>et</span> 
     </span>
     <span class='ocr_line' id='line_1_23' title="bbox 72 1549 1615 1597; baseline 0.003 -14"><span class='ocrx_word' id='word_1_168' title='bbox 72 1549 112 1583; x_wconf 92' lang='lat' dir='ltr'>in</span> <span class='ocrx_word' id='word_1_169' title='bbox 138 1549 197 1584; x_wconf 88' lang='lat' dir='ltr'>his</span> <span class='ocrx_word' id='word_1_170' title='bbox 225 1549 509 1594; x_wconf 81' lang='lat' dir='ltr'>sphaerosporas</span> <span class='ocrx_word' id='word_1_171' title='bbox 536 1560 694 1594; x_wconf 81' lang='lat' dir='ltr'>magnas</span> <span class='ocrx_word' id='word_1_172' title='bbox 729 1550 894 1584; x_wconf 85' lang='lat' dir='ltr'>zonatim</span> <span class='ocrx_word' id='word_1_173' title='bbox 921 1550 1061 1585; x_wconf 85' lang='lat' dir='ltr'>divisas</span> <span class='ocrx_word' id='word_1_174' title='bbox 1088 1551 1190 1585; x_wconf 84' lang='lat' dir='ltr'>inter</span> <span class='ocrx_word' id='word_1_175' title='bbox 1216 1555 1463 1597; x_wconf 86' lang='lat' dir='ltr'>paranemata</span> <span class='ocrx_word' id='word_1_176' title='bbox 1487 1565 1615 1588; x_wconf 89' lang='lat' dir='ltr'>nema-</span> 
     </span>
     <span class='ocr_line' id='line_1_24' title="bbox 74 1605 1614 1654; baseline 0.003 -15"><span class='ocrx_word' id='word_1_177' title='bbox 74 1605 245 1640; x_wconf 86' lang='lat' dir='ltr'>theciosa</span> <span class='ocrx_word' id='word_1_178' title='bbox 269 1605 508 1647; x_wconf 87' lang='lat' dir='ltr'>nidulantes;</span> <span class='ocrx_word' id='word_1_179' title='bbox 536 1605 575 1640; x_wconf 93' lang='lat' dir='ltr'>in</span> <span class='ocrx_word' id='word_1_180' title='bbox 601 1606 853 1641; x_wconf 77' lang='lat' dir='ltr'>Melantlialia</span> <span class='ocrx_word' id='word_1_181' title='bbox 879 1607 1004 1652; x_wconf 85' lang='lat' dir='ltr'>apices</span> <span class='ocrx_word' id='word_1_182' title='bbox 1027 1608 1219 1652; x_wconf 84' lang='lat' dir='ltr'>juveniles</span> <span class='ocrx_word' id='word_1_183' title='bbox 1238 1621 1338 1643; x_wconf 90' lang='lat' dir='ltr'>nunc</span> <span class='ocrx_word' id='word_1_184' title='bbox 1357 1609 1508 1654; x_wconf 84' lang='lat' dir='ltr'>quidem</span> <span class='ocrx_word' id='word_1_185' title='bbox 1529 1612 1614 1645; x_wconf 89' lang='lat' dir='ltr'>sub-</span> 
     </span>
     <span class='ocr_line' id='line_1_25' title="bbox 73 1662 1612 1712; baseline 0.005 -16"><span class='ocrx_word' id='word_1_186' title='bbox 73 1662 320 1706; x_wconf 84' lang='lat' dir='ltr'>acuminatos,</span> <span class='ocrx_word' id='word_1_187' title='bbox 348 1662 499 1696; x_wconf 82' lang='lat' dir='ltr'>demum</span> <span class='ocrx_word' id='word_1_188' title='bbox 525 1662 562 1697; x_wconf 92' lang='lat' dir='ltr'>in</span> <span class='ocrx_word' id='word_1_189' title='bbox 589 1664 714 1698; x_wconf 89' lang='lat' dir='ltr'>clavas</span> <span class='ocrx_word' id='word_1_190' title='bbox 741 1665 910 1708; x_wconf 85' lang='lat' dir='ltr'>obtusas,</span> <span class='ocrx_word' id='word_1_191' title='bbox 938 1668 1058 1700; x_wconf 86' lang='lat' dir='ltr'>strato</span> <span class='ocrx_word' id='word_1_192' title='bbox 1084 1666 1366 1701; x_wconf 85' lang='lat' dir='ltr'>nemathecioso</span> <span class='ocrx_word' id='word_1_193' title='bbox 1391 1669 1515 1712; x_wconf 86' lang='lat' dir='ltr'>amplo</span> <span class='ocrx_word' id='word_1_194' title='bbox 1541 1668 1612 1703; x_wconf 87' lang='lat' dir='ltr'>cir-</span> 
     </span>
     <span class='ocr_line' id='line_1_26' title="bbox 72 1719 1547 1768; baseline 0.004 -15"><span class='ocrx_word' id='word_1_195' title='bbox 72 1719 280 1762; x_wconf 77' lang='lat' dir='ltr'>cumdatas7</span> <span class='ocrx_word' id='word_1_196' title='bbox 306 1722 472 1754; x_wconf 85' lang='lat' dir='ltr'>mutatos</span> <span class='ocrx_word' id='word_1_197' title='bbox 499 1720 717 1757; x_wconf 84' lang='lat' dir='ltr'>observavi:</span> <span class='ocrx_word' id='word_1_198' title='bbox 745 1720 1028 1766; x_wconf 78' lang='lat' dir='ltr'>sphaerosporas</span> <span class='ocrx_word' id='word_1_199' title='bbox 1055 1722 1094 1756; x_wconf 91' lang='lat' dir='ltr'>in</span> <span class='ocrx_word' id='word_1_200' title='bbox 1120 1723 1178 1757; x_wconf 89' lang='lat' dir='ltr'>his</span> <span class='ocrx_word' id='word_1_201' title='bbox 1205 1723 1350 1758; x_wconf 88' lang='lat' dir='ltr'>frustra</span> <span class='ocrx_word' id='word_1_202' title='bbox 1375 1725 1547 1768; x_wconf 58' lang='lat' dir='ltr'>quaesivi.</span> 
     </span>
    </p>
   </div>
   <div class='ocr_carea' id='block_1_5' title="bbox 24 1787 1613 2066">
    <p class='ocr_par' dir='ltr' id='par_1_5' title="bbox 24 1787 1613 2066">
     <span class='ocr_line' id='line_1_27' title="bbox 162 1787 1611 1837; baseline 0.003 -14"><span class='ocrx_word' id='word_1_203' title='bbox 162 1787 251 1823; x_wconf 86' lang='lat' dir='ltr'>Obs.</span> <span class='ocrx_word' id='word_1_204' title='bbox 300 1788 452 1833; x_wconf 87' lang='lat' dir='ltr'>Harvey</span> <span class='ocrx_word' id='word_1_205' title='bbox 471 1789 539 1823; x_wconf 88' lang='lat' dir='ltr'>sub</span> <span class='ocrx_word' id='word_1_206' title='bbox 558 1800 619 1823; x_wconf 79' lang='lat' dir='ltr'>nzo</span> <span class='ocrx_word' id='word_1_207' title='bbox 638 1789 702 1823; x_wconf 85' lang='lat'>375</span> <span class='ocrx_word' id='word_1_208' title='bbox 720 1789 807 1834; x_wconf 81' lang='lat' dir='ltr'>Alg.</span> <span class='ocrx_word' id='word_1_209' title='bbox 829 1792 946 1824; x_wconf 87' lang='lat' dir='ltr'>austr.</span> <span class='ocrx_word' id='word_1_210' title='bbox 968 1790 1106 1825; x_wconf 87' lang='lat' dir='ltr'>exsicc.</span> <span class='ocrx_word' id='word_1_211' title='bbox 1126 1790 1242 1826; x_wconf 81' lang='lat' dir='ltr'>habet</span> <span class='ocrx_word' id='word_1_212' title='bbox 1261 1792 1611 1837; x_wconf 84' lang='lat' dir='ltr'>Cordylecladiam?</span> 
     </span>
     <span class='ocr_line' id='line_1_28' title="bbox 71 1847 1610 1897; baseline 0.004 -16"><span class='ocrx_word' id='word_1_213' title='bbox 71 1847 289 1891; x_wconf 83' lang='lat' dir='ltr'>australem,</span> <span class='ocrx_word' id='word_1_214' title='bbox 317 1858 427 1891; x_wconf 86' lang='lat' dir='ltr'>quam</span> <span class='ocrx_word' id='word_1_215' title='bbox 454 1859 639 1891; x_wconf 87' lang='lat' dir='ltr'>nusquam</span> <span class='ocrx_word' id='word_1_216' title='bbox 665 1849 710 1883; x_wconf 90' lang='lat' dir='ltr'>ab</span> <span class='ocrx_word' id='word_1_217' title='bbox 736 1848 818 1893; x_wconf 90' lang='lat' dir='ltr'>ipso</span> <span class='ocrx_word' id='word_1_218' title='bbox 844 1852 977 1893; x_wconf 87' lang='lat' dir='ltr'>postea</span> <span class='ocrx_word' id='word_1_219' title='bbox 1002 1853 1250 1890; x_wconf 81' lang='lat' dir='ltr'>memoratam</span> <span class='ocrx_word' id='word_1_220' title='bbox 1270 1851 1391 1886; x_wconf 88' lang='lat' dir='ltr'>video.</span> <span class='ocrx_word' id='word_1_221' title='bbox 1442 1852 1499 1886; x_wconf 84' lang='lat' dir='ltr'>Ex</span> <span class='ocrx_word' id='word_1_222' title='bbox 1527 1864 1610 1897; x_wconf 87' lang='lat' dir='ltr'>spe-</span> 
     </span>
     <span class='ocr_line' id='line_1_29' title="bbox 71 1903 1613 1954; baseline 0.005 -17"><span class='ocrx_word' id='word_1_223' title='bbox 71 1903 208 1938; x_wconf 89' lang='lat' dir='ltr'>cimine</span> <span class='ocrx_word' id='word_1_224' title='bbox 236 1904 373 1948; x_wconf 83' lang='lat' dir='ltr'>sterili,</span> <span class='ocrx_word' id='word_1_225' title='bbox 401 1905 500 1948; x_wconf 88' lang='lat' dir='ltr'>quod</span> <span class='ocrx_word' id='word_1_226' title='bbox 525 1905 599 1950; x_wconf 89' lang='lat' dir='ltr'>ipsi</span> <span class='ocrx_word' id='word_1_227' title='bbox 626 1905 760 1949; x_wconf 84' lang='lat' dir='ltr'>debeo,</span> <span class='ocrx_word' id='word_1_228' title='bbox 787 1906 849 1940; x_wconf 87' lang='lat' dir='ltr'>vix</span> <span class='ocrx_word' id='word_1_229' title='bbox 883 1907 1223 1952; x_wconf 80' lang='lat' dir='ltr'>Cordyleeladiam,</span> <span class='ocrx_word' id='word_1_230' title='bbox 1255 1909 1381 1954; x_wconf 88' lang='lat' dir='ltr'>potius</span> <span class='ocrx_word' id='word_1_231' title='bbox 1408 1911 1447 1944; x_wconf 90' lang='lat' dir='ltr'>in</span> <span class='ocrx_word' id='word_1_232' title='bbox 1473 1910 1613 1945; x_wconf 86' lang='lat' dir='ltr'>vicinia</span> 
     </span>
     <span class='ocr_line' id='line_1_30' title="bbox 72 1960 1610 2007; baseline 0.006 -13"><span class='ocrx_word' id='word_1_233' title='bbox 72 1960 210 1995; x_wconf 88' lang='lat' dir='ltr'>Gracil.</span> <span class='ocrx_word' id='word_1_234' title='bbox 250 1960 518 1996; x_wconf 85' lang='lat' dir='ltr'>Confervoides</span> <span class='ocrx_word' id='word_1_235' title='bbox 558 1962 834 2007; x_wconf 86' lang='lat' dir='ltr'>disponendam</span> <span class='ocrx_word' id='word_1_236' title='bbox 861 1963 1124 1999; x_wconf 85' lang='lat' dir='ltr'>credidissem.</span> <span class='ocrx_word' id='word_1_237' title='bbox 1175 1965 1331 2001; x_wconf 84' lang='lat' dir='ltr'>Cellulae</span> <span class='ocrx_word' id='word_1_238' title='bbox 1360 1967 1472 2002; x_wconf 89' lang='lat' dir='ltr'>strati</span> <span class='ocrx_word' id='word_1_239' title='bbox 1497 1968 1610 2003; x_wconf 87' lang='lat' dir='ltr'>corti-</span> 
     </span>
     <span class='ocr_line' id='line_1_31' title="bbox 24 2017 1128 2066; baseline 0.004 -14"><span class='ocrx_word' id='word_1_240' title='bbox 24 2024 27 2027; x_wconf 84' lang='lat'><strong><em>‘</em></strong></span> <span class='ocrx_word' id='word_1_241' title='bbox 71 2018 163 2053; x_wconf 87' lang='lat' dir='ltr'>calis</span> <span class='ocrx_word' id='word_1_242' title='bbox 193 2017 356 2063; x_wconf 88' lang='lat' dir='ltr'>simplici</span> <span class='ocrx_word' id='word_1_243' title='bbox 384 2018 482 2054; x_wconf 89' lang='lat' dir='ltr'>serie</span> <span class='ocrx_word' id='word_1_244' title='bbox 510 2019 708 2064; x_wconf 73' lang='lat' dir='ltr'>dispositae</span> <span class='ocrx_word' id='word_1_245' title='bbox 735 2019 829 2054; x_wconf 87' lang='lat' dir='ltr'>mihi</span> <span class='ocrx_word' id='word_1_246' title='bbox 856 2021 1128 2066; x_wconf 87' lang='lat' dir='ltr'>adparuerunt.</span> 
     </span>
    </p>
   </div>
   <div class='ocr_carea' id='block_1_6' title="bbox 422 2133 1256 2188">
    <p class='ocr_par' dir='ltr' id='par_1_6' title="bbox 422 2133 1256 2188">
     <span class='ocr_line' id='line_1_32' title="bbox 422 2133 1256 2188; baseline 0.006 -13"><span class='ocrx_word' id='word_1_247' title='bbox 422 2133 589 2186; x_wconf 59' lang='lat' dir='ltr'>Species</span> <span class='ocrx_word' id='word_1_248' title='bbox 619 2135 724 2177; x_wconf 60' lang='lat' dir='ltr'>mihi</span> <span class='ocrx_word' id='word_1_249' title='bbox 754 2137 896 2188; x_wconf 71' lang='lat' dir='ltr'>(fflwad</span> <span class='ocrx_word' id='word_1_250' title='bbox 927 2136 1075 2180; x_wconf 69' lang='lat' dir='ltr'>Genus</span> <span class='ocrx_word' id='word_1_251' title='bbox 1106 2138 1256 2180; x_wconf 64' lang='lat' dir='ltr'>dubiae.</span> 
     </span>
    </p>
   </div>
   <div class='ocr_carea' id='block_1_7' title="bbox 70 2239 1608 2704">
    <p class='ocr_par' dir='ltr' id='par_1_7' title="bbox 70 2239 1608 2639">
     <span class='ocr_line' id='line_1_33' title="bbox 70 2239 1607 2301; baseline 0.006 -22"><span class='ocrx_word' id='word_1_252' title='bbox 70 2240 106 2280; x_wconf 87' lang='lat'>4.</span> <span class='ocrx_word' id='word_1_253' title='bbox 141 2239 345 2280; x_wconf 75' lang='lat' dir='ltr'>PLooAfflA</span> <span class='ocrx_word' id='word_1_254' title='bbox 376 2253 671 2281; x_wconf 75' lang='lat' dir='ltr'><strong>HETEROCLADA</strong></span> <span class='ocrx_word' id='word_1_255' title='bbox 702 2241 862 2295; x_wconf 62' lang='lat' dir='ltr'>(Memfi.</span> <span class='ocrx_word' id='word_1_256' title='bbox 900 2241 971 2284; x_wconf 77' lang='lat' dir='ltr'>Fl.</span> <span class='ocrx_word' id='word_1_257' title='bbox 1002 2241 1147 2296; x_wconf 66' lang='lat' dir='ltr'>d&#39;Algs.</span> <span class='ocrx_word' id='word_1_258' title='bbox 1171 2259 1219 2297; x_wconf 73' lang='lat' dir='ltr'>p.</span> <span class='ocrx_word' id='word_1_259' title='bbox 1252 2246 1303 2286; x_wconf 76' lang='lat'>73</span> <span class='ocrx_word' id='word_1_260' title='bbox 1335 2246 1417 2287; x_wconf 72' lang='lat' dir='ltr'>tab.</span> <span class='ocrx_word' id='word_1_261' title='bbox 1455 2248 1503 2286; x_wconf 77' lang='lat' dir='ltr'>lo&#39;</span> <span class='ocrx_word' id='word_1_262' title='bbox 1529 2248 1607 2301; x_wconf 66' lang='lat' dir='ltr'>fiy.</span> 
     </span>
     <span class='ocr_line' id='line_1_34' title="bbox 184 2306 1607 2367; baseline 0.006 -21"><span class='ocrx_word' id='word_1_263' title='bbox 184 2308 224 2361; x_wconf 77' lang='lat'>4)</span> <span class='ocrx_word' id='word_1_264' title='bbox 256 2306 409 2348; x_wconf 89' lang='lat' dir='ltr'>fronde</span> <span class='ocrx_word' id='word_1_265' title='bbox 440 2308 723 2363; x_wconf 87' lang='lat' dir='ltr'>cartilaginea</span> <span class='ocrx_word' id='word_1_266' title='bbox 754 2310 885 2363; x_wconf 88' lang='lat' dir='ltr'>plana</span> <span class='ocrx_word' id='word_1_267' title='bbox 925 2310 1022 2352; x_wconf 90' lang='lat' dir='ltr'>laxe</span> <span class='ocrx_word' id='word_1_268' title='bbox 1068 2311 1327 2364; x_wconf 76' lang='lat' dir='ltr'>dichotoma,</span> <span class='ocrx_word' id='word_1_269' title='bbox 1376 2315 1607 2367; x_wconf 85' lang='lat' dir='ltr'>segmentis</span> 
     </span>
     <span class='ocr_line' id='line_1_35' title="bbox 182 2375 1608 2433; baseline 0.005 -17"><span class='ocrx_word' id='word_1_270' title='bbox 182 2375 420 2417; x_wconf 84' lang='lat' dir='ltr'>linearibus</span> <span class='ocrx_word' id='word_1_271' title='bbox 451 2377 795 2429; x_wconf 86' lang='lat' dir='ltr'>patenti-erectis</span> <span class='ocrx_word' id='word_1_272' title='bbox 818 2379 1125 2421; x_wconf 83' lang='lat' dir='ltr'>obtusiusculis</span> <span class='ocrx_word' id='word_1_273' title='bbox 1148 2394 1170 2421; x_wconf 90' lang='lat' dir='ltr'>e</span> <span class='ocrx_word' id='word_1_274' title='bbox 1193 2382 1388 2433; x_wconf 86' lang='lat' dir='ltr'>margine</span> <span class='ocrx_word' id='word_1_275' title='bbox 1410 2387 1608 2424; x_wconf 86' lang='lat' dir='ltr'>ramenta</span> 
     </span>
     <span class='ocr_line' id='line_1_36' title="bbox 182 2444 1605 2503; baseline 0.004 -17"><span class='ocrx_word' id='word_1_276' title='bbox 182 2444 455 2486; x_wconf 86' lang='lat' dir='ltr'>subsecunda</span> <span class='ocrx_word' id='word_1_277' title='bbox 486 2458 732 2499; x_wconf 88' lang='lat' dir='ltr'>compressa</span> <span class='ocrx_word' id='word_1_278' title='bbox 762 2447 882 2500; x_wconf 83' lang='lat' dir='ltr'>apice</span> <span class='ocrx_word' id='word_1_279' title='bbox 914 2448 1093 2489; x_wconf 90' lang='lat' dir='ltr'>ovoidea</span> <span class='ocrx_word' id='word_1_280' title='bbox 1131 2448 1368 2503; x_wconf 87' lang='lat' dir='ltr'>fructigera</span> <span class='ocrx_word' id='word_1_281' title='bbox 1409 2451 1605 2491; x_wconf 86' lang='lat' dir='ltr'>emitten-</span> 
     </span>
     <span class='ocr_line' id='line_1_37' title="bbox 182 2513 1605 2568; baseline 0.004 -15"><span class='ocrx_word' id='word_1_282' title='bbox 182 2513 311 2562; x_wconf 73' lang='lat' dir='ltr'>tibus,</span> <span class='ocrx_word' id='word_1_283' title='bbox 344 2514 600 2566; x_wconf 87' lang='lat' dir='ltr'>tetrasporis</span> <span class='ocrx_word' id='word_1_284' title='bbox 632 2514 829 2568; x_wconf 85' lang='lat' dir='ltr'>oblongis</span> <span class='ocrx_word' id='word_1_285' title='bbox 860 2516 903 2557; x_wconf 91' lang='lat' dir='ltr'>in</span> <span class='ocrx_word' id='word_1_286' title='bbox 936 2520 1072 2557; x_wconf 85' lang='lat' dir='ltr'>strato</span> <span class='ocrx_word' id='word_1_287' title='bbox 1095 2517 1287 2558; x_wconf 84' lang='lat' dir='ltr'>corticali</span> <span class='ocrx_word' id='word_1_288' title='bbox 1310 2522 1605 2560; x_wconf 84' lang='lat' dir='ltr'>ramentorum</span> 
     </span>
     <span class='ocr_line' id='line_1_38' title="bbox 181 2580 1602 2639; baseline 0.006 -19"><span class='ocrx_word' id='word_1_289' title='bbox 181 2580 479 2622; x_wconf 88' lang='lat' dir='ltr'>nidulantibus</span> <span class='ocrx_word' id='word_1_290' title='bbox 520 2582 743 2623; x_wconf 87' lang='lat' dir='ltr'>cruciatim</span> <span class='ocrx_word' id='word_1_291' title='bbox 784 2584 1102 2637; x_wconf 84' lang='lat' dir='ltr'>quadridivisis.</span> <span class='ocrx_word' id='word_1_292' title='bbox 1143 2585 1188 2628; x_wconf 87' lang='lat' dir='ltr'>J.</span> <span class='ocrx_word' id='word_1_293' title='bbox 1221 2586 1301 2639; x_wconf 70' lang='lat' dir='ltr'>Ay.</span> <span class='ocrx_word' id='word_1_294' title='bbox 1336 2586 1406 2639; x_wconf 66' lang='lat' dir='ltr'>Sp.</span> <span class='ocrx_word' id='word_1_295' title='bbox 1429 2601 1476 2639; x_wconf 72' lang='lat'>2).</span> <span class='ocrx_word' id='word_1_296' title='bbox 1508 2588 1602 2628; x_wconf 81' lang='lat'>705.</span> 
     </span>
    </p>

    <p class='ocr_par' dir='ltr' id='par_1_8' title="bbox 333 2648 789 2704">
     <span class='ocr_line' id='line_1_39' title="bbox 333 2648 789 2704; baseline 0.009 -16"><span class='ocrx_word' id='word_1_297' title='bbox 333 2648 383 2689; x_wconf 90' lang='lat' dir='ltr'>In</span> <span class='ocrx_word' id='word_1_298' title='bbox 414 2648 560 2690; x_wconf 87' lang='lat' dir='ltr'>littore</span> <span class='ocrx_word' id='word_1_299' title='bbox 591 2650 789 2704; x_wconf 81' lang='lat' dir='ltr'>Algeriae.</span> 
     </span>
    </p>
   </div>
   <div class='ocr_carea' id='block_1_8' title="bbox 70 2737 1602 2867">
    <p class='ocr_par' dir='ltr' id='par_1_9' title="bbox 70 2737 1602 2867">
     <span class='ocr_line' id='line_1_40' title="bbox 70 2737 1602 2801; baseline 0.007 -22"><span class='ocrx_word' id='word_1_300' title='bbox 70 2739 106 2780; x_wconf 87' lang='lat'>5.</span> <span class='ocrx_word' id='word_1_301' title='bbox 137 2737 346 2781; x_wconf 56' lang='lat' dir='ltr'>Commu?</span> <span class='ocrx_word' id='word_1_302' title='bbox 377 2739 534 2780; x_wconf 66' lang='lat' dir='ltr'>Hmwn</span> <span class='ocrx_word' id='word_1_303' title='bbox 564 2740 725 2794; x_wconf 71' lang='lat' dir='ltr'>(Ham).</span> <span class='ocrx_word' id='word_1_304' title='bbox 764 2743 865 2785; x_wconf 71' lang='lat' dir='ltr'>Ner.</span> <span class='ocrx_word' id='word_1_305' title='bbox 898 2743 1004 2786; x_wconf 75' lang='lat' dir='ltr'>Bor.</span> <span class='ocrx_word' id='word_1_306' title='bbox 1038 2743 1134 2785; x_wconf 78' lang='lat' dir='ltr'>Am.</span> <span class='ocrx_word' id='word_1_307' title='bbox 1159 2758 1206 2797; x_wconf 71' lang='lat'>10.</span> <span class='ocrx_word' id='word_1_308' title='bbox 1241 2745 1340 2801; x_wconf 82' lang='lat'>155&gt;</span> <span class='ocrx_word' id='word_1_309' title='bbox 1377 2745 1602 2790; x_wconf 87' lang='lat' dir='ltr'>frondibus</span> 
     </span>
     <span class='ocr_line' id='line_1_41' title="bbox 183 2807 1601 2867; baseline 0.008 -19"><span class='ocrx_word' id='word_1_310' title='bbox 183 2821 208 2848; x_wconf 90' lang='lat' dir='ltr'>a</span> <span class='ocrx_word' id='word_1_311' title='bbox 239 2807 355 2849; x_wconf 87' lang='lat' dir='ltr'>disco</span> <span class='ocrx_word' id='word_1_312' title='bbox 386 2811 610 2850; x_wconf 84' lang='lat' dir='ltr'>crustaceo</span> <span class='ocrx_word' id='word_1_313' title='bbox 642 2809 772 2852; x_wconf 88' lang='lat' dir='ltr'>dense</span> <span class='ocrx_word' id='word_1_314' title='bbox 795 2812 1029 2865; x_wconf 83' lang='lat' dir='ltr'>caespitosis</span> <span class='ocrx_word' id='word_1_315' title='bbox 1051 2812 1433 2867; x_wconf 86' lang='lat' dir='ltr'>livido—purpureis</span> <span class='ocrx_word' id='word_1_316' title='bbox 1455 2818 1601 2859; x_wconf 88' lang='lat' dir='ltr'>tereti-</span> 
     </span>
    </p>
   </div>
  </div>
 </body>
</html>
