1757 3114
82 91 165 132 314
651 92 1035 134 RHODYMENIACEAE.
1258 88 1610 142 Hymenocladia.

193 206 352 258 pagina
397 204 528 258 plana
572 204 972 246 mamillaeforiniter
1017 204 1205 245 elevatis.
1251 203 1298 246 J.
1344 202 1425 255 Ay.
1467 201 1538 255 Sp.
1561 216 1610 254 p.

193 276 285 315 772.
319 273 456 316 Harv.
492 273 621 327 Pleye.
652 278 787 316 (lustr.
820 274 902 315 tab.
937 274 1028 314 118.
1077 273 1220 315 Fucus
1268 272 1410 314 Usm‘a
1443 271 1495 312 R.
1528 270 1610 312 Br.

193 347 231 385 ct
264 343 395 384 Turn.
443 342 558 384 Hist.
604 343 686 384 tab.
732 344 824 383 225.
871 341 1135 394 Halymenia
1189 340 1331 383 Usneco
1364 340 1495 381 Kritz.
1527 339 1610 380 tab.

197 410 324 463 Phyc.
370 410 456 451 Vol.
492 409 651 452 XVII
675 410 757 452 tab.
791 412 826 450 l.

342 477 464 519 Nova
493 477 726 519 Hollandia
756 478 973 519 australis.

168 557 327 592 Nomine
367 557 523 592 Chomlr.
561 560 755 603 squarrosi
791 559 905 593 Krete.
946 559 1017 593 tab.
1058 558 1170 603 Plcyc.
1216 558 1294 593 Vol.
1322 558 1450 593 XVII
1471 559 1541 593 tab.
1569 560 1612 593 9ss

79 615 271 660 specimen
297 613 532 659 depingitur,
559 616 657 659 quod
682 616 728 649 H.
756 615 891 650 Usneae
918 615 1075 650 formam
1093 616 1190 652 male
1208 618 1459 660 praeparatam
1484 616 1611 650 forsan

77 671 300 706 constituat.
1011 677 1013 680 ·

76 754 116 794 5.
148 753 199 794 Η.
230 766 476 794 DIVARIOATA
507 753 585 808 (R.
604 753 700 796 »Bra
730 748 875 809 mser.)
906 753 1057 795 fronde
1103 753 1499 808 compresso-plana
1543 754 1611 795 1110

189 821 277 862 11110
308 822 554 864 dichotoma
585 827 627 865 et
658 823 910 865 densissime
947 824 1161 876 pinnatim
1199 813 1504 877 decomposita,
1542 837 1610 865 ra-

186 890 385 933 chidibus
417 891 636 944 primariis
666 892 905 934 linearibus
935 893 1140 946 utrinque
1171 893 1424 934 densissime
1455 893 1607 946 pinna-

186 959 254 1010 tis,
287 959 429 1012 pinnis
460 960 618 1001 iterum
649 961 892 1014 iterumque
915 961 1161 1014 compositis
1184 961 1608 1004 subhorizontalibus

186 1027 675 1081 pectinato-pinnulatis,
708 1029 919 1083 supremis
963 1029 1183 1082 superiore
1228 1030 1421 1083 margine
1465 1030 1608 1071 incur-

184 1100 283 1137 vato
315 1096 596 1146 nudiusculis,
642 1097 843 1139 deorsum
876 1098 1057 1151 pinnula
1087 1111 1174 1139 una
1204 1098 1271 1139 vel
1301 1098 1440 1139 altera
1476 1098 1608 1140 subu-

187 1165 279 1205 lata
322 1166 621 1218 patentissima
666 1167 859 1217 armatis,
906 1167 1184 1221 cystocarpiis
1215 1167 1259 1208 in
1289 1167 1449 1221 pagina
1478 1166 1610 1219 plana

183 1234 587 1277 mamillaeformiter
617 1235 794 1277 elevatis
835 1235 1241 1290 submarginalibus.
1274 1236 1413 1278 Harv.
1451 1236 1607 1278 Trans.

185 1302 250 1344 Ir.
281 1302 418 1345 Acad.
462 1303 549 1345 Vol.
581 1305 632 1345 22
655 1318 703 1357 p.
737 1305 817 1345 553
839 1309 876 1346 et
902 1305 1029 1358 Phyc.
1052 1308 1183 1347 austr.
1207 1305 1288 1347 tab.
1324 1305 1431 1346 XX.
1466 1305 1608 1347 Fucus

184 1371 451 1413 divaricatus
485 1371 538 1413 R.
573 1372 656 1413 Br.
687 1376 726 1414 et
759 1373 889 1414 Turn.
923 1373 1038 1415 Hist.
1073 1373 1175 1415 Fece.
1209 1374 1290 1415 tab.
1326 1374 1418 1415 181.

334 1438 455 1481 Nova
484 1440 719 1482 Hollandia
750 1442 1214 1484 austro-occidentalis.

159 1518 467 1564 Hymenocladiae
496 1521 644 1556 Genere
669 1522 836 1557 nondum
862 1523 955 1557 mihi
981 1524 1055 1557 rite
1081 1523 1294 1567 intellecto,
1320 1524 1417 1558 hanc
1443 1523 1609 1569 speciem

70 1577 116 1611 ad
143 1577 426 1621 Chylocladiam
453 1579 566 1614 dubie
592 1580 725 1617 retuli:
750 1581 864 1615 hodie
890 1581 936 1616 de
963 1580 1145 1616 affinitate
1171 1581 1234 1616 vix
1261 1581 1376 1617 dubia
1401 1582 1550 1617 adsunt.

70 1681 137 1702 W
172 1680 342 1722 Fronde
367 1680 508 1734 plana
539 1682 689 1724 latebre
720 1683 954 1725 dicleotoma
992 1687 1068 1726 aut
1097 1698 1124 1725 a
1155 1685 1347 1737 maryz'ne
1384 1685 1608 1737 segymem‘is

173 1750 376 1801 pinnisve
412 1752 696 1802 paucioribus
741 1752 1048 1804 subpalmatim
1095 1755 1171 1794 aut
1191 1753 1413 1805 pimzatim
1443 1753 1607 1803 obsita;

183 1820 463 1871 egystocarpiv's
493 1820 539 1860 in
561 1821 732 1872 passima
754 1819 898 1875 plana
929 1821 1335 1873 mawesillaeformiter
1365 1821 1549 1864 elevatis.

73 1920 109 1959 6.
143 1919 195 1959 Η.
229 1933 494 1961 LANCEOLATA
526 1920 593 1976 (J.
626 1921 709 1975 Ass.
742 1922 836 1963 Aet.
867 1922 1009 1964 Holm.
1046 1924 1175 1979 1870)
1206 1923 1360 1965 fronde
1390 1925 1523 1977 plana
1543 1925 1606 1966 la-

181 1989 294 2038 tiori,
328 2003 354 2030 a
386 1991 579 2044 margine
609 1991 752 2044 pinnis
791 1992 1069 2045 paucioribus
1107 1992 1287 2045 pinnata
1324 1997 1400 2035 aut
1431 1994 1607 2047 subpal-

181 2061 312 2107 mata,
343 2058 486 2110 pinnis
519 2058 733 2111 elongatis
764 2060 918 2101 lineari
949 2060 1202 2102 lanceolatis
1233 2064 1420 2115 utraque
1448 2062 1608 2115 pagina

181 2129 223 2166 et
255 2127 412 2179 saepius
442 2127 637 2181 margine
668 2128 859 2179 laevibus,
892 2129 1170 2183 cystocarpiis
1202 2130 1245 2170 in
1277 2130 1440 2183 pagina
1475 2130 1608 2184 plana

180 2194 583 2237 maniillaeformiter
614 2196 791 2237 elevatis
823 2198 998 2250 sparsis,
1032 2197 1343 2252 sphaei‘osporis
1371 2212 1447 2252 per
1468 2202 1606 2240 totum

182 2261 347 2303 discum
378 2263 589 2316 plurimis,
621 2265 816 2318 margine
837 2269 1020 2317 angusto
1043 2265 1208 2308 elevato
1230 2267 1434 2321 utrinque
1457 2267 1606 2310 sterili.

180 2330 290 2372 Hab.
323 2331 379 2371 ad
409 2331 575 2373 insulas
607 2331 791 2374 Chatam
823 2337 865 2374 et
896 2333 1060 2375 Novam
1092 2334 1354 2377 Zelandiam.

159 2409 278 2454 Quum
303 2411 426 2455 prima
451 2411 533 2446 vice
558 2412 656 2447 hanc
683 2413 849 2458 speciem
875 2415 920 2449 ad
948 2416 1180 2460 exemplaria
1206 2428 1252 2451 ex
1279 2416 1419 2451 Insulis
1448 2416 1606 2452 Chatam

66 2470 263 2511 reportata
288 2468 594 2513 descripsissem,
622 2481 703 2503 eam
729 2481 750 2504 a
774 2471 819 2504 H.
846 2471 1097 2517 polymorpha
1114 2474 1211 2507 bene
1231 2473 1421 2508 diversam
1447 2485 1531 2508 esse
1558 2486 1604 2508 ne

66 2524 218 2558 minime
246 2524 397 2568 quidem
423 2526 607 2561 dubitavi.
645 2527 782 2562 Postea
808 2540 826 2562 e
853 2529 958 2563 Nova
983 2530 1166 2564 Zelandia
1190 2530 1354 2576 plurima
1380 2531 1458 2566 vidi
1484 2532 1604 2576 speci-

66 2581 180 2625 mina,
207 2593 290 2626 quae
310 2594 445 2617 revera
462 2585 633 2628 plantam
651 2585 771 2631 magis
791 2586 1075 2631 polymorpham
1095 2600 1177 2623 esse
1197 2589 1475 2633 demonstrant,
1496 2600 1603 2633 quam

80 2638 176 2672 nitio
202 2639 465 2674 credidissem.
515 2641 657 2677 Tamen
682 2642 966 2678 characteribus
995 2644 1122 2679 allatis
1149 2645 1272 2679 adhuc
1300 2645 1445 2691 species
1473 2646 1604 2691 digno-

70 2696 230 2730 scendas
258 2708 340 2731 esse
380 2697 563 2742 suspicor.
614 2699 734 2743 Quum
770 2700 867 2734 hanc
904 2701 1073 2744 plantam
1101 2713 1119 2735 e
1146 2702 1318 2746 pluribus
1356 2702 1449 2737 locis
1487 2703 1604 2738 Novae

67 2752 258 2787 Zelandiae
285 2754 405 2789 habeo
432 2758 469 2789 et
495 2755 633 2799 ubique
659 2756 837 2800 frequens
864 2757 1029 2801 videtur,
1064 2759 1181 2793 miror
1216 2758 1321 2792 illam
1357 2759 1462 2793 nullo
1488 2761 1603 2794 verbo

68 2819 88 2843 a
113 2809 263 2855 Harvoy
289 2810 329 2844 in
355 2811 468 2846 Flora
493 2813 609 2848 Novae
630 2813 824 2848 Zelandiae
843 2817 1090 2849 memoratam
1107 2815 1238 2850 fuisse.
1273 2816 1352 2851 Nec
1371 2815 1472 2850 enim
1493 2816 1604 2852 Rhod

1737 2461 1757 2553 μῆτιν,
1735 2435 1757 2454 a?
1733 2351 1757 2370 ἶ,
1740 2332 1743 2333 ’
