1757 3114
95 149 298 195 Ptilom‘a.
727 148 994 192 CHONDRIEAE.
1548 149 1597 191 67
1605 148 1629 191 3

203 266 286 306 tab.
319 266 371 305 68
403 264 625 319 (dentibus
659 265 703 306 in
735 267 921 316 utraque
960 262 1080 303 icone
1117 261 1386 315 longioribus
1424 274 1555 315 quam
1585 262 1628 302 in

202 348 295 376 meo
329 335 594 389 specimine).
1329 341 1339 348 ’·

356 403 465 445 Hab.
497 403 552 444 ad
585 416 683 444 oras
717 401 843 443 Novae
876 399 1131 441 Hollandiae.

180 482 338 517 Nomine
366 483 408 519 D.
434 481 635 518 fimbriatae
662 482 701 515 in
719 479 914 515 Herbariis
934 479 1063 523 plures
1084 478 1229 523 species
1249 478 1510 513 venditantur.
1538 478 1627 522 Quae

89 537 127 572 in
153 538 252 572 Dict.
280 538 378 572 Hist.
406 538 492 573 Nat.
521 539 588 572 sub
614 537 765 572 nomine
783 536 900 570 allato
919 534 1072 579 depicta
1090 534 1162 568 fuit
1181 534 1225 569 D.
1253 535 1470 579 elegantem
1490 534 1628 569 sistere

90 597 274 639 putarem,
301 595 392 630 licet
418 606 549 640 parum
576 594 662 628 fida.

88 771 296 821 CLXVIII.
336 773 576 819 PTILONIA
613 770 659 812 J.
692 770 773 824 Aa.
809 769 881 823 Sp.
905 783 951 822 p.
983 770 1076 811 773.
1114 768 1324 811 Plocami-2·
1344 770 1496 820 sertim
1534 769 1628 811 Pti-

201 851 318 893 loma
352 851 540 905 Harvey.

90 968 225 1008 Frons
256 967 444 1013 linearis,
478 981 528 1009 ex
551 967 737 1020 ancipite
761 967 905 1020 plana,
928 966 1421 1019 decomposito-pinuata
1442 971 1629 1008 serrato-

202 1035 391 1083 dentata‚
438 1036 697 1084 subcostata,
746 1036 893 1076 stratis
939 1035 1079 1077 tribus
1127 1038 1344 1076 contexta:
1392 1039 1510 1076 costa
1547 1036 1629 1076 filis

203 1103 442 1144 articulatis
465 1104 645 1145 ramosis
667 1103 1071 1157 longitudinalibus,
1097 1117 1207 1144 nunc
1239 1104 1429 1144 centrale
1458 1103 1629 1145 eviden-

203 1172 287 1211 tius
319 1171 569 1213 distinctum
591 1172 878 1226 cingentibus,
902 1171 1014 1213 inter
1038 1170 1216 1213 cellulas
1239 1172 1365 1214 strati
1387 1172 1631 1213 intermedii

203 1240 692 1293 rotundato-angulatas
745 1240 1089 1290 excurrentibus3
1143 1239 1309 1281 cellulis
1355 1240 1631 1282 corticalibus

201 1308 448 1349 rotundatis
479 1309 645 1350 inferne
677 1309 814 1361 magis
845 1308 1027 1350 evolutis
1049 1309 1242 1350 radiatis.
1308 1310 1566 1351 Keramv‘dia
1589 1310 1632 1350 in

205 1377 364 1429 pagina
408 1378 551 1430 pinnae
597 1377 776 1428 elevata,
823 1377 1086 1435 adparenter
1116 1377 1379 1428 terminalia,
1413 1378 1528 1418 intra
1559 1391 1631 1431 pe-

202 1445 436 1498 riom-pium
468 1445 822 1499 subsphaericum,
846 1445 1133 1498 carpostomio
1164 1449 1401 1498 pertusum,
1433 1445 1631 1486 nucleum

203 1513 485 1554 rotundatum
523 1513 730 1564 foventia,
768 1514 841 1554 fila
872 1513 1188 1567 gemmidiifera
1219 1514 1418 1567 plurima,
1451 1513 1632 1554 fascicu-

204 1581 322 1622 latim
356 1596 382 1622 a
412 1582 612 1635 placenta
652 1583 790 1624 basali
828 1582 1058 1633 radiantia,
1092 1582 1135 1623 in
1167 1582 1362 1623 articulis
1393 1582 1632 1623 terminali-

206 1651 284 1691 bus
317 1651 549 1704 gemmidia
588 1665 745 1705 magna
783 1650 1243 1705 clavato-pyriformia,
1274 1651 1453 1692 invicem
1484 1651 1632 1701 libera,

203 1717 404 1761 foventia.
468 1720 783 1773 Sphaerosporoe
817 1753 824 1760 .
859 1755 867 1763 .
901 1752 909 1760 .
944 1753 952 1761 .

204 1832 321 1874 Inter
353 1834 513 1887 species
546 1835 653 1876 duas
686 1835 812 1877 hodie
835 1836 1028 1887 cognitas
1060 1835 1261 1890 quaedam
1293 1834 1397 1876 mihi
1429 1835 1633 1889 adparuit

91 1906 319 1943 structurae
366 1901 622 1950 differentia,
668 1903 711 1944 in
749 1917 797 1944 eo
830 1903 971 1956 posita
1002 1908 1050 1945 ut
1081 1903 1125 1944 in
1156 1903 1296 1956 specie
1343 1902 1633 1957 Magellanica

91 1972 159 2012 vix
190 1970 308 2011 filum
340 1971 452 2012 axile
484 1971 702 2025 quoddam
735 1972 958 2026 proprium
990 1972 1123 2023 adsit3
1157 1973 1200 2013 in
1222 1973 1361 2026 specie
1385 1986 1482 2013 vero
1508 1972 1633 2014 Novae

92 2039 347 2088 Hollandiae,
381 2040 416 2080 si
456 2053 557 2092 pars
604 2039 781 2081 inferior
826 2040 992 2081 frondis
1038 2040 1306 2092 observatur,
1352 2045 1467 2082 certe
1513 2041 1635 2082 adest

92 2107 212 2148 filum
243 2108 435 2149 centrale
467 2108 759 2161 conspicuum,
791 2109 978 2150 cinctum
1010 2109 1249 2151 minoribus
1291 2108 1380 2150 fere
1412 2110 1634 2162 proprium

92 2179 280 2216 stratum
324 2175 633 2228 formantibus3
681 2177 724 2218 in
771 2181 895 2230 parte
942 2178 1163 2231 superiore
1208 2177 1372 2218 frondis
1405 2177 1484 2218 hoc
1515 2177 1634 2218 filum

93 2244 285 2286 centrale
316 2244 567 2287 distinctum
599 2246 704 2287 mihi
735 2246 878 2288 videre
910 2260 994 2288 non
1016 2245 1148 2288 licuit.
1191 2246 1297 2287 Pars
1319 2246 1496 2287 inferior
1517 2246 1634 2286 fron-

93 2314 160 2355 dis
191 2318 256 2356 est
287 2315 330 2355 in
360 2319 545 2369 utraque
591 2316 730 2370 specie
782 2316 1036 2364 incrassata,
1084 2315 1211 2370 quod,
1258 2315 1401 2369 quoad
1432 2328 1633 2367 magnam

93 2386 275 2436 partem,
307 2383 547 2425 evolutione
579 2385 705 2426 strati
735 2385 951 2427 corticalis
983 2385 1152 2438 pendet.
1194 2384 1242 2424 In
1266 2383 1328 2424 Pt.
1352 2383 1636 2437 magellanica

93 2452 308 2505 praecipue
340 2466 391 2494 ex
422 2456 607 2507 utraque
648 2455 817 2508 pagina,
850 2455 893 2495 in
924 2455 989 2496 Pt.
1020 2452 1305 2494 australasica
1343 2452 1421 2493 hoc
1453 2453 1633 2493 circuni-

93 2520 209 2562 circa
240 2520 457 2562 evolutum
495 2521 599 2572 vidi3
649 2523 879 2563 sectionem
925 2520 1258 2563 transversalem
1305 2520 1452 2573 itaque
1484 2520 1527 2560 in
1559 2520 1635 2561 illa

95 2590 340 2643 ancipitem,
372 2590 415 2630 in
446 2589 527 2630 hac
574 2591 851 2632 rotundatam
897 2589 1131 2639 observavi,
1178 2588 1292 2642 quod
1338 2601 1437 2628 vero
1483 2601 1538 2628 an
1584 2601 1635 2629 ex

96 2658 327 2712 specimine
372 2657 587 2699 adultiore
635 2659 760 2700 unius
801 2658 996 2712 pendeat,
1043 2657 1186 2698 dicere
1217 2671 1301 2698 non
1332 2656 1549 2697 auderem.
1580 2681 1636 2687 -

96 2726 348 2769 Keramidia
379 2727 422 2767 in
454 2731 640 2780 utraque
671 2728 810 2781 specie
842 2740 973 2780 supra
1012 2726 1215 2779 paginam
1255 2724 1427 2778 planam
1469 2738 1635 2765 emersa

97 2797 372 2850 subglobosa,
395 2796 683 2849 carpostomio
704 2810 859 2850 parum
883 2795 1133 2848 conspicu03
1166 2794 1452 2847 pericarpium
1475 2794 1517 2833 in
1541 2807 1634 2846 spe-

97 2867 159 2907 cie
206 2865 490 2907 australasica
540 2865 886 2908 crassiusculum.
942 2864 1090 2905 stratis
1135 2863 1303 2905 duobus
1350 2863 1634 2903 exterioribus

1458 2930 1502 2962 43
