1762 3036
111 117 163 157 54
751 107 989 150 GERAMIEAE.
1300 103 1651 146 Halothanmsion.

111 241 213 283 nion
242 238 389 291 refert,
422 241 464 280 et
493 234 764 279 involucrum
793 231 960 274 favellae
997 231 1129 272 ramis
1161 229 1373 282 elongatis
1406 227 1653 282 aggregatis

112 310 181 351 vix
212 308 387 362 proprie
418 304 680 354 umbellatis,
712 302 1006 351 constitutum,
1039 299 1092 341 ob
1125 298 1447 351 sphaerosporas
1469 297 1654 350 denique

114 381 156 419 et
187 375 445 422 antlieridia,
492 386 587 427 quae
634 372 689 413 ad
734 385 876 413 ramos
908 383 934 410 a
965 367 1183 409 sterilibus
1214 367 1282 408 vix
1326 366 1414 407 ullo
1459 368 1657 419 respectu

114 444 372 487 abludentes
403 441 672 496 proveniunt,
695 453 722 481 a
742 437 982 482 Griffithsia
1003 435 1162 478 differt.
1204 434 1521 488 Spliaerosporae
1544 448 1657 475 com-

114 514 264 569 positae
297 511 487 554 nondum
517 511 561 552 in
592 508 842 551 Griffithsiae
882 506 1106 561 speciebus
1145 505 1347 558 cognitae3
1383 504 1497 544 inter
1528 502 1658 544 Calli-

114 581 312 624 thamnia
342 579 503 634 species
535 577 752 620 nonnullae
784 574 849 630 (C.
882 574 1057 616 Borreri
1088 578 1130 614 et
1150 572 1318 627 affines)
1351 571 1660 625 sphaerosporis

117 650 428 698 convenientes,
474 646 693 688 involucro
739 658 838 686 vero
883 642 1141 685 favellarum
1186 640 1416 689 destitutae,
1456 654 1533 681 nec
1564 653 1662 680 cum

118 723 265 762 nostro
312 730 468 770 genere
514 713 822 769 conjungendae
866 711 1078 753 videntur.
1138 708 1398 749 Antheridia
1441 708 1534 761 ipse
1576 721 1662 748 non

117 789 222 839 vidi3
254 787 320 828 sin
351 785 565 839 specimen
588 799 614 825 a
635 782 869 836 Kiitzingio
891 781 1062 822 nomine
1085 777 1191 820 Call.
1214 777 1424 819 flabellati
1445 777 1665 831 depictum

120 858 175 899 ad
206 857 317 897 hanc
349 854 533 908 speciem
568 853 797 906 pertineam
835 848 1083 892 antlieridia
1118 847 1163 888 in
1200 845 1381 887 ramulis
1418 845 1665 886 terminalia

122 925 384 981 pedicellata
414 924 459 964 in
504 922 637 964 ramis
682 921 772 962 fere
811 919 1062 972 adspectum
1099 914 1310 957 involucri
1347 914 1665 955 assumentibus

116 995 386 1050 proveniunt‚
408 1006 494 1047 qua
516 991 793 1044 dispositione
814 990 927 1030 inter
949 985 1286 1029 Callithamnion
1308 986 1350 1025 et
1370 982 1654 1025 Griffithsiam

122 1062 465 1106 Halothamnion
498 1074 670 1115 quoque
700 1056 1007 1099 intermedium
1038 1055 1261 1108 adpareat.

240 1131 348 1173 Cum
379 1130 600 1184 speciebus
631 1128 784 1183 typicis
830 1125 1010 1168 Generis
1056 1124 1188 1165 aliam
1232 1122 1417 1175 denique
1456 1121 1668 1175 conjunxi,

124 1203 177 1244 de
208 1202 330 1255 cujus
361 1198 570 1240 affinitate
602 1197 780 1251 propria
812 1193 1045 1236 admodum
1076 1193 1267 1234 incertus
1308 1204 1413 1231 sum.
1473 1189 1671 1231 Favellas

124 1273 168 1313 in
199 1271 279 1312 hac
310 1269 455 1311 videre
486 1266 650 1308 credidi
681 1266 799 1306 intra
830 1262 1022 1305 ramulos
1052 1259 1371 1302 involucrantes
1402 1270 1557 1311 parum
1578 1272 1672 1299 mu-

64 1333 67 1337 *
124 1343 258 1390 tat0s3
291 1336 525 1392 gemmidia
555 1331 1001 1384 rotundato-oblonga
1031 1330 1075 1370 in
1114 1328 1246 1370 series
1281 1326 1672 1368 dichotomo—fasti-

128 1409 270 1463 giatas
301 1405 524 1459 disposita,
558 1402 683 1456 quasi
713 1399 918 1442 fasciculo
940 1411 1162 1439 ramorum
1184 1395 1508 1437 transformata.
1549 1393 1675 1434 Rami

127 1476 312 1531 majores
344 1472 526 1515 ramulis
557 1469 887 1512 decurrentibus
916 1465 1214 1508 radicantibus
1236 1464 1379 1506 vestiti
1401 1463 1526 1517 quasi
1547 1477 1675 1516 spon-

128 1544 249 1599 giosi,
282 1541 395 1584 unde
426 1541 591 1594 planta,
624 1550 785 1592 aquam
827 1534 1072 1577 avidissime
1106 1533 1336 1578 imbibens
1376 1532 1439 1573 ita
1469 1530 1676 1572 facillime

130 1612 379 1655 dissolvitur
409 1613 458 1651 ut
488 1609 541 1650 de
572 1611 794 1650 structura
826 1619 912 1646 non
942 1603 1068 1645 facile
1095 1603 1329 1657 judicatur.
1378 1601 1443 1642 An
1464 1601 1568 1652 haec,
1590 1613 1678 1641 una

132 1696 229 1723 cum
261 1677 586 1733 Spongocloniis
618 1675 778 1717 favella
817 1673 1086 1715 involucrata
1124 1670 1347 1712 instructis
1392 1670 1538 1711 Genus
1577 1683 1676 1722 pro-

133 1752 278 1806 prium
310 1746 578 1790 constituat?

134 1822 170 1861 l.
202 1819 254 1861 H.
286 1830 530 1859 FLEXUOSUM
562 1813 665 1869 (Ay.
702 1812 814 1866 Syst.
829 1825 877 1864 p.
900 1811 1002 1865 141)
1032 1809 1185 1851 fronde
1218 1806 1502 1849 erectiuscula
1532 1805 1679 1846 dicho-

247 1890 367 1928 toma
398 1884 564 1926 alterne
596 1882 829 1932 ramulosa,
861 1879 1043 1921 ramulis
1075 1890 1423 1932 quoquoversum
1456 1875 1679 1930 egredien-

248 1955 364 1996 tibus
411 1951 714 2005 decompositis
762 1946 1273 1995 dichotomo-ramulosis,
1319 1944 1510 1985 ramellis
1549 1944 1681 1998 cylin-

249 2022 419 2064 draceis
450 2020 651 2071 incurviS,
684 2018 877 2071 apicibus
909 2015 1160 2070 aequalibus,
1193 2013 1506 2067 spliaerosporis
1536 2013 1686 2054 interi-

252 2105 325 2133 ore
356 2089 635 2131 ramellornm
666 2087 804 2127 latere
837 2083 1088 2125 subseriatis
1119 2081 1378 2135 compositis.
1419 2080 1465 2122 J.
1497 2080 1579 2134 Ay.
1613 2080 1686 2134 Sp.

245 2174 293 2213 p.
326 2159 391 2198 72.
423 2157 556 2210 Grzff.
578 2154 808 2209 flabellata
840 2152 978 2194 Movit.
1010 2152 1057 2193 iaz
1095 2150 1224 2194 chb
1261 2148 1361 2192 Otia
1391 2148 1583 2202 Hispan.
1605 2149 1687 2191 tab.

255 2229 290 2268 6.
328 2227 458 2268 Κῖιῖἰε.
491 2224 575 2266 tab.
613 2223 743 2276 Phyle.
785 2221 875 2263 Vol.
913 2220 999 2262 XI.
1032 2219 1115 2262 tab.
1146 2218 1225 2259 78?

324 2296 375 2336 In
408 2295 579 2336 Oceano
612 2291 820 2333 atlantico
853 2303 881 2331 a
910 2289 1056 2331 Gallia
1084 2287 1288 2329 inferiore
1320 2286 1376 2327 ad
1407 2285 1574 2339 Tingin.

143 2369 180 2408 2.
212 2365 263 2407 Η.
295 2376 509 2405 FILICINUM
541 2360 704 2415 (Hem).
737 2360 883 2414 mser.)
914 2356 1069 2398 fronde
1100 2354 1386 2398 erectiuscula
1407 2354 1573 2395 alterne
1594 2352 1689 2406 pin-

258 2433 394 2475 natim
426 2429 731 2482 decomposita,
754 2427 896 2481 pinnis
918 2438 1267 2480 quoquoversum
1289 2421 1624 2475 egredientibus,
1647 2420 1690 2460 in

257 2500 435 2544 rachide
469 2498 662 2540 breviore
685 2496 852 2537 alterne
873 2493 1126 2548 phmulatis,
1157 2490 1346 2545 pinnulis
1367 2489 1526 2531 infimis
1547 2488 1689 2541 pinnae

260 2569 445 2625 cujusvis
493 2565 816 2620 sub-oppositis,
864 2564 1078 2605 exteriore
1124 2561 1421 2615 oppositarum
1475 2557 1688 2610 elongata,

259 2639 465 2681 interiore
495 2635 614 2677 brevi
647 2633 1004 2683 sub-abortiente,
1044 2629 1238 2672 ramellis
1271 2641 1442 2669 sursum
1479 2626 1547 2667 vix
1578 2628 1689 2665 attc—

262 2707 419 2758 nuatis,
459 2703 770 2759 sphaerosporis
807 2702 1012 2742 interiore
1048 2700 1184 2741 latere
1223 2696 1502 2739 ramellorum
1543 2693 1691 2735 subse-

257 2775 387 2817 -riatis
418 2772 679 2826 compositis,

415 2841 481 2883 Ad
514 2840 616 2893 Cap.
648 2840 694 2881 Β.
728 2838 826 2892 Spei
857 2835 1106 2892 (Hal-veyl).
