1757 3114
150 67 415 112 Gracilaria.
710 68 1133 111 SPHAEaocoecomEAE.
1599 75 1647 114 41
1657 74 1675 114 1

261 181 510 233 minoribus,
557 182 834 225 corticalibus
877 182 1054 223 minutis
1100 183 1143 224 in
1181 183 1255 225 fila
1299 185 1523 225 verticalia
1569 199 1680 226 nunc

259 248 451 290 evolutis.
513 247 709 293 Ooeeiclz'a
738 250 1066 304 hemisphaerica
1096 251 1211 292 intra
1242 252 1532 306 pericarpium
1563 267 1679 294 cras-

260 331 353 358 sum
384 317 552 359 cellulis
575 319 884 371 multiseriatis,
908 319 1194 362 exterioribus
1216 321 1397 363 radiatis
1419 326 1679 374 contextum,

259 385 430 426 demum
476 388 764 440 carpostomio
809 391 1021 441 apertum,
1068 389 1268 430 nucleum
1314 390 1689 445 subcompositums

258 452 464 502 foventia;
496 455 697 508 placenta
726 456 823 510 plus
855 457 995 498 minus
1027 456 1205 507 elevata,
1229 460 1386 501 vertice
1407 463 1450 501 et
1469 459 1681 502 lateribus

257 521 418 575 cryptis
450 523 612 576 apertis
644 528 860 574 excavata,
893 538 919 565 a
949 525 1189 578 parietibus
1221 532 1472 581 cryptarum
1499 529 1681 570 circum-

257 590 371 631 circa
402 590 476 632 fila
515 591 831 644 gemmidiifera
868 593 1103 635 articulata
1133 596 1581 638 ramoso-fasciculata
1617 597 1681 637 in-

256 658 389 699 vicem
435 659 574 702 libera
619 661 841 721 emittens3
888 662 1122 715 gemmidia
1153 664 1196 704 in
1227 664 1423 706 articulis
1469 666 1681 719 supremis

256 728 448 769 obovatis
488 730 820 782 praecocioribus
866 730 1228 786 inferioribusque
1274 733 1470 787 oblongis
1525 735 1683 775 sensim

254 799 644 841 maturescentibus
676 801 848 852 seriata,
870 801 1324 854 oblongo-rotundata.
1369 802 1682 856 Sphaerosporoe

255 865 299 906 in
330 867 462 908 ramis
495 867 828 910 subincrassatis
859 868 1024 911 frondis
1064 883 1236 923 sparsae,
1277 870 1484 925 oblongae,
1517 873 1683 914 crucia-

254 935 330 976 tim
363 934 520 977 divisae.

258 1063 308 1103 In
339 1062 521 1105 diversis
554 1064 780 1118 speciebus
811 1065 1045 1119 pericarpii
1076 1068 1299 1107 structura
1319 1066 1381 1108 ita
1401 1066 1598 1120 paullum
1620 1066 1684 1109 di-

145 1144 281 1181 versa,
314 1135 362 1172 ut
393 1131 573 1173 cellulas
604 1132 929 1185 multiseriatas,
969 1148 1153 1188 quarum
1190 1135 1387 1188 plurimae
1419 1136 1685 1178 verticaliter

145 1203 246 1240 sunt
276 1199 469 1250 radiatae,
503 1200 597 1242 aliae
631 1202 791 1255 species
822 1202 980 1256 plures,
1013 1202 1109 1244 aliae
1141 1217 1302 1257 paucas
1334 1204 1562 1246 interiores
1585 1219 1684 1246 con-

145 1269 332 1310 centrice
365 1268 596 1323 dispositas
629 1270 831 1312 habeant.
893 1270 1124 1313 Structura
1168 1272 1378 1326 placentae
1417 1287 1590 1328 quoque
1620 1273 1684 1314 di-

141 1351 276 1388 versa,
308 1334 425 1392 quod
455 1342 548 1379 tum
569 1352 594 1379 a
615 1338 865 1381 diversitate
897 1341 1148 1394 specierum,
1180 1344 1272 1383 tuin
1294 1341 1441 1384 forsan
1463 1342 1518 1383 ab
1550 1345 1682 1384 aetate

142 1407 239 1460 plus
270 1407 411 1448 minus
443 1411 646 1460 provecta
679 1408 854 1449 coccidii
892 1409 1101 1462 pendeat3
1148 1410 1351 1451 nimirum
1397 1411 1552 1464 saepius
1597 1411 1684 1453 vidi

143 1463 408 1517 structuram
440 1490 572 1529 supra
603 1476 865 1530 descriptam
897 1480 964 1518 sat
1001 1477 1258 1519 evidentem:
1302 1479 1547 1532 placentam
1578 1478 1683 1520 vali-

143 1543 243 1585 dam
275 1545 502 1594 elevatam,
535 1558 561 1585 a
591 1545 749 1586 vertice
796 1549 837 1587 et
883 1545 1094 1588 lateribus
1133 1547 1295 1600 cryptis
1326 1546 1682 1600 profundioribus

144 1614 423 1667 exsculptam,
462 1614 573 1656 lobis
612 1615 725 1656 inter
756 1618 928 1669 cryptas
974 1630 1086 1657 nunc
1131 1616 1260 1657 immo
1292 1617 1336 1657 in
1367 1616 1441 1658 fila
1472 1616 1683 1671 elongatis

145 1681 241 1735 (Gr.
274 1682 608 1738 multipartita);
639 1682 713 1724 fila
744 1683 834 1724 haec
874 1683 928 1724 ad
968 1684 1260 1738 pericarpium
1299 1685 1574 1726 excurrentia
1605 1700 1683 1727 nu-

146 1750 284 1791 cleum
316 1752 439 1804 quasi
471 1741 756 1804 compositum
794 1752 994 1802 reddunt,
1041 1752 1131 1794 fere
1177 1753 1327 1795 eodem
1367 1753 1493 1795 modo
1525 1768 1610 1808 quo
1641 1754 1685 1795 111

144 1819 241 1860 aliis
273 1819 499 1862 ordinibus
537 1821 680 1862 nuclei
718 1822 942 1874 compositi
979 1823 1190 1864 oriuntur.
1251 1823 1301 1864 In
1332 1822 1428 1864 aliis
1461 1824 1683 1878 speciebus

144 1891 244 1929 sunt
274 1892 434 1942 cryptae
466 1903 622 1942 parum
660 1890 912 1942 conspicuae,
960 1889 1132 1945 lobique
1178 1892 1483 1946 interjacentes
1529 1906 1684 1946 parum

144 1957 354 2008 emiuent3
386 1957 585 2011 placenta
622 1958 666 1998 in
704 1957 771 1999 his
818 1958 1042 2012 superficie
1089 1960 1262 2002 0111111110
1308 1960 1465 2014 aequali
1511 1961 1684 2003 incauto

144 2025 366 2078 adpareat.
414 2025 579 2067 Praeter
610 2025 899 2067 differentiam
931 2028 1169 2081 specierum
1201 2028 1281 2070 hoc
1311 2033 1521 2082 respectu,
1554 2030 1684 2071 aliam

145 2107 317 2147 quoque
347 2095 487 2135 aetatis
518 2098 729 2148 putarem.
790 2094 973 2149 Cryptae,
1020 2096 1096 2138 ubi
1134 2097 1292 2139 adsunt
1337 2099 1445 2140 bene
1491 2099 1684 2150 evolutae,

144 2162 266 2203 initio
311 2163 449 2215 magis
495 2164 748 2217 conspicuae,
783 2165 941 2206 sensim
973 2165 1216 2220 sensimque
1249 2165 1359 2208 fiunt
1389 2167 1526 2221 magis
1559 2168 1683 2209 obso-

144 2230 254 2281 letae,
288 2230 423 2271 donec
456 2231 627 2272 demum
659 2232 906 2286 superficies
938 2234 1077 2286 magis
1113 2234 1292 2288 aequalis
1324 2234 1548 2289 adpareat.
1591 2235 1684 2277 Fila

146 2299 462 2353 gemmidiifera
499 2314 577 2353 pro
623 2300 874 2343 diversitate
920 2301 1129 2355 placentae
1175 2317 1359 2357 quoquae
1406 2304 1683 2357 dispositione

146 2368 336 2419 variant3
369 2367 509 2409 forma
539 2373 742 2411 caeterum
790 2371 950 2425 ubique
996 2373 1294 2414 convenientia
1324 2373 1422 2413 vidi.
1483 2372 1592 2414 Sunt
1622 2374 1684 2414 ni-

147 2437 305 2478 mirum
336 2451 413 2490 per
444 2441 580 2478 totam
611 2438 926 2492 longitudinem
966 2440 1147 2482 invicem
1186 2440 1336 2490 libera,
1378 2441 1611 2482 articulata
1641 2445 1683 2482 et

147 2505 203 2546 ad
235 2505 442 2547 articulos
473 2507 604 2547 ramis
636 2507 838 2549 brevibus
869 2522 1045 2550 ramosa
1076 2507 1341 2559 fasciculata,
1373 2509 1591 2550 terminali
1613 2523 1682 2551 ar-

147 2573 278 2615 ticulo
310 2574 493 2616 obovato
524 2587 678 2627 parum
700 2576 875 2629 majore,
907 2576 1184 2618 inferioribus
1208 2576 1502 2631 suboblongis,
1526 2578 1683 2619 sensim

149 2642 299 2684 ordine
330 2642 532 2684 deorsum
564 2646 968 2687 maturescentibus.

262 2721 432 2776 Species
464 2722 643 2764 Generis
674 2738 788 2778 aegre
819 2725 1147 2766 characteribus
1180 2725 1594 2778 circumscribendae,
1618 2728 1682 2769 di-

148 2804 271 2833 verso
301 2794 496 2846 tempore
527 2805 640 2833 nunc
672 2807 870 2845 succosae,
906 2793 1240 2838 endochromate
1272 2794 1529 2838 cellularum
1550 2795 1682 2841 fluido
