1757 3114
113 116 192 157 520
588 113 1089 156 HELMJNTHOCLADIACEAE.
1355 113 1630 158 Galaxaura.

641 227 807 281 Species
836 226 1111 279 inquirendae.

151 377 159 386 .
189 358 388 387 ALBICANS
419 343 623 386 Lamour.
657 343 702 386 J.
733 345 810 397 Ay.
845 341 917 395 Sp.
944 355 988 395 p.
1020 342 1114 384 428.

189 426 448 456 AURANTIACA
481 412 604 454 Lam.
636 412 680 454 J.
714 411 796 466 Ay.
827 411 923 453 ihm.

153 516 160 524 .
191 482 470 524 PHYsclomEs
503 481 628 522 Lam.
660 480 703 523 J.
736 480 817 534 Ay.
848 480 946 522 ihm.

191 562 487 593 BRACHYCLADA
519 547 684 591 Decem
714 548 759 592 J.
791 548 872 601 Ay.
903 548 1000 590 ihm.

192 630 608 660 CANALIOULARIOIDES
641 616 767 659 Clem.
801 617 845 659 J.
878 616 957 670 Ay.
989 616 1086 658 ihm.

154 721 161 728 .
193 699 519 728 SUBARTICULATA
551 685 686 728 Gran.
718 685 814 739 Aly.
850 685 1022 727 Fidsch.
1045 698 1093 738 p.
1128 687 1189 727 13.

193 754 383 796 DAEMELH
417 754 544 797 δοκεῖ.
576 768 698 796 mser.
733 753 867 796 Gran.
899 753 925 795 Z.
956 767 987 796 c.
1011 767 1058 808 p.
1092 756 1154 795 14.

111 344 160 797 rvrrfflrff

119 906 270 957 CXXV.
307 907 621 954 GALAXAURA
658 917 863 959 Lamour.
921 915 1067 969 Polyp.
1105 917 1208 969 fleoe.
1247 930 1294 969 p.
1343 918 1433 959 259.
1481 917 1649 961 Decsnc

230 983 372 1028 Class.
397 983 552 1027 Gomll.
565 1000 612 1038 12·
639 987 728 1026 102.
762 985 891 1026 Kane.
917 983 988 1036 Sp.
1002 998 1051 1036 p.
1074 985 1166 1025 529.
1199 984 1391 1027 Zanard.
1422 986 1468 1027 in
1498 985 1648 1029 Θέογνι.

230 1053 331 1095 Bot.
365 1054 556 1106 18401).
589 1054 654 1094 50.
684 1057 723 1095 et
752 1054 869 1096 Icon.
909 1051 1084 1094 Adriat.
1116 1052 1192 1095 sub
1223 1053 1307 1095 tab.
1358 1053 1523 1096 XXII.
1555 1055 1649 1108 (ex-

231 1120 336 1163 clus.
369 1134 481 1175 spec,
513 1136 580 1175 ap.
613 1123 746 1177 omn.)

117 1225 253 1267 Frons
284 1224 518 1280 cylindrica
548 1228 622 1266 aut
653 1237 909 1278 compressa,
942 1224 1238 1276 subtubulosa,
1262 1224 1377 1267 calce
1398 1225 1649 1278 incrustata,

229 1293 378 1336 stratis
409 1292 576 1334 duobus
608 1293 860 1334 cellularum
892 1293 1043 1334 saltem
1076 1297 1290 1345 contexta3
1323 1294 1427 1336 tubo
1449 1295 1649 1336 nimirum

229 1360 313 1402 filis
345 1361 556 1414 elongatis
588 1361 772 1416 hyalinis
803 1361 1190 1416 longitudinalibus
1222 1365 1263 1404 et
1284 1362 1339 1403 ad
1361 1363 1651 1417 peripheriam

231 1431 558 1472 excurrentibus
590 1445 817 1484 percurso3
851 1434 988 1472 strato
1018 1431 1286 1485 peripherico
1318 1431 1481 1473 cellulis
1513 1433 1652 1474 brevi-

231 1499 378 1541 oribus
410 1498 781 1550 subverticalibus,
822 1499 978 1541 sensim
1020 1500 1251 1553 5—-6gonis
1282 1499 1326 1540 in
1356 1500 1652 1542 membranam

231 1565 471 1609 areolatam
511 1566 871 1618 coalescentibus3
918 1570 1168 1609 membrana
1212 1571 1334 1609 extus
1379 1582 1491 1609 nunc
1523 1569 1651 1619 nuda,

232 1649 345 1676 nunc
376 1634 458 1677 filis
491 1635 703 1689 elongatis
735 1635 1153 1686 callithamnioideis,
1202 1636 1291 1678 sine
1329 1636 1479 1678 ordine
1518 1650 1652 1677 emer-

232 1706 448 1760 gentibus,
480 1705 643 1747 villosa.
688 1704 969 1759 oystocarpm
990 1706 1104 1747 infra
1134 1705 1402 1760 superficiem
1435 1721 1652 1760 suspensa,

233 1788 345 1828 saepe
375 1774 420 1815 in
450 1773 607 1815 fascias
637 1774 948 1816 transversales
980 1775 1151 1823 seriata,
1184 1774 1374 1829 globosa,
1402 1775 1484 1817 filis
1508 1775 1652 1817 dicho-

234 1843 360 1884 tomis
392 1856 417 1883 a
448 1846 594 1884 centro
626 1843 910 1895 radiantibus7
933 1843 976 1884 in
998 1843 1193 1885 articulis
1215 1843 1515 1885 terminalibus
1537 1858 1651 1898 gem-

233 1911 366 1952 midia
386 1910 637 1966 pyriformia
658 1911 911 1963 foventibus,
933 1911 1176 1953 constituta.
1213 1911 1526 1964 Sphaerosporae
1560 1944 1568 1952 .
1603 1945 1610 1952 .
1645 1946 1653 1953 .

233 2013 296 2055 De
318 2017 547 2063 structura,
566 2013 895 2056 fructificatione
917 2018 959 2056 et
975 2014 1181 2056 affinitate
1198 2015 1376 2056 Generis
1393 2014 1651 2056 Galaxaurae

122 2081 250 2124 variae
280 2081 458 2122 fuerunt
487 2082 795 2136 Algologorum
827 2083 1057 2136 opiniones.
1099 2083 1373 2124 Lamouroux
1396 2088 1438 2124 61
1459 2083 1533 2137 qui
1555 2087 1654 2124 ante

122 2164 219 2191 eum
250 2148 426 2190 fuerunt
457 2149 610 2190 haruin
642 2150 891 2203 plantarum
929 2151 1228 2204 descriptores,
1261 2164 1348 2192 una
1378 2165 1475 2192 curn
1507 2151 1654 2193 Coral-

122 2220 219 2261 linis
251 2219 433 2273 aliisque
477 2219 590 2260 inter
636 2219 857 2274 Zoophyta
898 2220 1210 2273 disposuerant.
1272 2220 1411 2261 Unam
1457 2221 1653 2274 speciem,

123 2302 254 2343 quam
284 2287 455 2330 nomine
486 2286 620 2329 Ulvae
651 2288 861 2341 Holtingii
882 2289 972 2342 jam
995 2293 1123 2329 antea
1143 2289 1431 2341 descripserat
1454 2288 1653 2335 Mertens,

122 2360 171 2398 ut
201 2370 357 2398 novum
389 2356 546 2407 Genus,
589 2355 778 2398 Valoniae
815 2356 1069 2410 proximum,
1101 2357 1145 2398 in
1177 2356 1416 2411 Systemate
1448 2357 1655 2411 Algarum

122 2424 362 2466 introduxit
393 2423 438 2465 G.
471 2424 661 2478 Agardh.
724 2424 931 2466 Decaisne
975 2425 1139 2478 primus
1185 2425 1346 2478 species
1391 2425 1498 2467 alias
1535 2425 1654 2478 Algis

123 2494 364 2545 vindicavit,
405 2495 793 2548 Batrachospermo
831 2498 873 2536 et
903 2493 1080 2535 Thoreae
1121 2494 1412 2536 Galaxaurani
1444 2508 1529 2535 una
1560 2509 1654 2535 cum

123 2563 311 2617 Liagora
342 2562 511 2604 affinem
535 2563 824 2604 considerans.
868 2562 1055 2616 Kiitzing
1086 2562 1147 2603 ita
1177 2566 1345 2603 tantum
1376 2576 1402 2602 a
1423 2562 1655 2603 Decaisneo

125 2632 317 2679 dissidet,
350 2636 397 2673 ut
428 2632 722 2674 Galaxauram
754 2646 839 2673 una
869 2646 965 2672 cum
995 2631 1201 2672 Lemania
1232 2631 1275 2671 in
1297 2645 1426 2671 unam
1449 2630 1655 2671 familiam

126 2701 407 2756 conjunxerit,
441 2700 669 2754 Liagoram
701 2700 755 2741 ad
787 2700 965 2741 alteram
997 2700 1205 2741 retulerit.
1238 2699 1470 2752 interjectis
1502 2698 1654 2739 Batra-

129 2769 429 2823 chospermeis,
463 2769 657 2810 omnibus
679 2782 704 2810 a
726 2768 934 2810 Florideis
958 2768 1142 2809 remotis.
1184 2766 1428 2814 Zanardini,
1451 2766 1493 2806 ni
1513 2765 1653 2813 fallor,

127 2837 293 2890 primus
324 2836 575 2878 affinitatem
606 2850 702 2878 011111
722 2835 1149 2879 Helininthocladieis
1171 2834 1385 2877 indicavit.
1427 2833 1521 2886 Ipse
1552 2833 1654 2887 Spe-
