1757 3114
72 136 451 192 Erytlcroclomzmz.
687 133 1029 176 AREscHooemAE.
1525 135 1606 176 279

180 250 282 301 lata,
315 249 371 290 ad
403 249 629 290 stricturas
661 246 952 290 verticillatim
983 260 1167 298 ramosa,
1198 246 1455 288 intermedio
1477 248 1606 288 verti-

180 317 266 359 cilli
298 317 482 371 cujusvis
514 316 771 370 prolongato
803 315 928 370 quasi
949 314 1232 365 caulescente,
1264 313 1606 368 lateralibusque

181 386 379 439 pluribus
410 386 649 440 majoribus
681 385 805 439 quasi
827 382 1424 438 polychotomo-verticillata,
1447 383 1607 424 articu-

182 455 235 496 lis
267 454 568 496 terminalibus
616 453 808 496 ovalibus
853 452 1064 493 diametro
1112 451 1295 505 Qwssplo
1341 451 1608 505 longimibus

305 524 485 566 .Ηα1υ
522 524 653 578 Ρ11ῃο.
685 525 818 565 austr-
851 521 1327 564 1αῖ1.298.Κ111;.1αῖ1
1356 520 1486 575 Playe
1520 520 1607 563 Vol

181 558 316 634 XVI
341 593 424 634 lab.
458 594 523 633 72.

332 661 435 703 Nov.
469 661 704 704 Hollandia
734 658 951 702 australis.

157 742 251 777 Mihi
277 743 358 777 haee
384 742 578 787 paulisper
605 741 735 779 dubia:
761 739 928 787 genuina
947 737 1093 784 speeies
1113 737 1273 784 siphone
1293 738 1454 773 eentrali
1475 750 1609 773 revera

66 801 256 835 instructa
282 802 353 833 cst.
405 799 574 844 Speciem
604 801 729 832 autem
766 800 924 831 externe
963 796 1209 840 simillimam,
1248 795 1321 830 filis
1360 796 1607 831 interioribus

67 855 409 901 longitudinalibus
436 856 475 889 in
507 856 567 889 axi
607 853 881 899 adproximatis
920 853 1162 897 instructam,
1186 853 1321 897 habeo,
1362 854 1468 894 cujus
1506 853 1609 887 inter

66 915 129 949 fila
154 914 268 948 axilia
294 913 368 947 alia
395 913 582 948 diametro
608 913 765 957 majora,
792 911 866 945 alia
889 911 1055 952 minora:
1083 910 1115 945 si
1140 910 1298 945 fortuito
1318 924 1336 944 e
1356 910 1607 945 erassi‹r›1·ibus

66 984 180 1005 unum
217 971 316 1005 axile
354 970 549 1015 adpareat,
594 962 826 1005 structuram
864 967 1153 1013 Erythroclonii
1199 968 1379 1003 Muelleri
1427 967 1609 1003 facillime

66 1029 103 1065 in
131 1030 201 1064 hac
227 1028 419 1063 crederes.

10 1174 13 1175 ν
66 1149 108 1171 '⁵²²'
142 1147 507 1190 Bomyootomvii.
572 1145 743 1188 Fronde
793 1144 1062 1187 tardiuscula
1112 1143 1462 1199 monileformlter
1513 1158 1608 1187 0011-

179 1218 343 1268 stricta,
373 1230 471 1258 mox
501 1215 769 1268 caulesecute,
805 1214 991 1257 rmmclis
1027 1214 1494 1269 pyreformivbovatis,
1540 1230 1609 1256 (σε

183 1300 297 1328 mum
328 1286 420 1327 31110
450 1285 599 1327 ordine
630 1284 886 1338 (1991090113,
918 1283 1069 1325 obsita.

67 1393 104 1434 4.
136 1392 185 1433 Ε.
217 1405 449 1433 ΡΥ1ιι1Ὲιιυ111
480 1389 547 1444 (J.
579 1390 660 1443 Ay.
704 1388 834 1431 Bidr.
869 1387 939 1431 Fl.
975 1388 1087 1442 Syst.
1109 1403 1156 1442 22.
1190 1390 1265 1445 25>
1303 1388 1457 1431 fronde
1489 1389 1609 1444 juve-

14 1466 18 1471 '
180 1460 257 1501 nili
288 1459 569 1513 apicibusque
600 1471 822 1500 ramorum
853 1456 1201 1499 moniliformiter
1232 1457 1475 1500 constrictis
1503 1459 1609 1499 arti-

181 1529 337 1570 culatis
370 1527 693 1581 subtriquetris,
733 1525 949 1568 adultiore
987 1525 1208 1580 ramisque
1245 1525 1483 1580 majoribus
1514 1541 1609 1568 sen-

182 1597 263 1639 sim
301 1597 515 1639 continuis
561 1595 864 1647 teretiusculis,
911 1595 1191 1637 circumcirca
1235 1594 1385 1637 obsitis
1431 1595 1610 1637 ramulis

183 1664 752 1719 obovoideo-pyriformibus
784 1664 900 1705 circa
930 1664 1217 1706 incrassatam
1247 1667 1418 1718 partem
1449 1664 1609 1705 articu-

180 1735 322 1776 lorum
353 1733 639 1785 densioribus,
673 1732 846 1774 demum
878 1735 1178 1774 subracemose
1218 1733 1402 1775 seriatis.
1433 1733 1609 1776 Aresclef.

185 1804 386 1847 Sedoszaes
419 1802 557 1845 Ham).
595 1801 725 1856 Phyc.
757 1805 891 1844 ausfr.
925 1802 1007 1843 tab.
1042 1803 1134 1843 117.
1166 1800 1221 1843 22?

260 1885 371 1927 Hab.
403 1884 460 1926 ad
490 1883 655 1926 Novam
684 1882 966 1925 Hellandiam
998 1882 1320 1925 occidentalem,

159 1965 241 2001 Nisi
268 1964 406 2010 saepius
426 1966 645 2000 occurreret
662 1967 704 1999 ut
723 1975 785 1998 eas
809 1963 961 2009 Species
981 1963 1261 2008 Floridearum‚
1280 1974 1364 2007 quae
1383 1966 1542 1999 externe
1562 1965 1610 1999 si-

68 2024 235 2059 millimae
263 2023 486 2069 adpareant,
512 2034 647 2058 revera
672 2023 785 2068 longe
812 2022 984 2057 diversas
1011 2032 1108 2065 esse,
1134 2021 1347 2056 accuratius
1367 2033 1525 2057 examen
1545 2023 1609 2058 do-

66 2084 185 2126 ceret,
212 2083 382 2116 nostram
408 2080 576 2126 speciem
600 2092 684 2114 cum
710 2080 828 2115 citata
854 2080 981 2125 specie
1017 2080 1243 2124 Harveyana
1279 2080 1487 2114 identicam
1525 2092 1608 2116 0550

40 2131 44 2134 ’
67 2139 130 2175 vix
157 2140 311 2175 dubium
336 2139 429 2174 mihi
455 2139 607 2183 quidem
633 2138 843 2173 videretur.
892 2138 1021 2173 Allata
1046 2149 1136 2173 vero
1169 2137 1407 2183 experientia
1437 2139 1609 2183 edoctus,

69 2200 268 2241 utramque
296 2196 462 2242 speciem
488 2197 720 2241 conjungere
747 2208 823 2231 non
849 2207 962 2230 ansus
989 2207 1084 2230 sum.
1134 2195 1177 2229 In
1204 2198 1286 2230 tota
1323 2198 1485 2230 externa
1522 2190 1609 2231 con-¹

68 2255 293 2290 formatione
319 2256 451 2289 nostra
475 2266 559 2287 cum
591 2254 818 2298 Harveyana
853 2253 1045 2297 convenit,
1084 2253 1160 2288 nisi
1197 2253 1297 2297 quod
1320 2254 1415 2287 rami
1436 2254 1608 2298 juniores

68 2312 107 2346 in
132 2315 264 2347 nostra
289 2313 378 2345 sunt
403 2310 712 2345 moniliformiter
739 2310 941 2355 contracti,
967 2310 1069 2354 quod
1094 2310 1140 2345 de
1168 2321 1234 2345 sua
1258 2310 1364 2346 nullo
1389 2312 1506 2346 verbo
1531 2324 1608 2346 me-

67 2369 231 2404 moravit
256 2369 424 2412 Harvey3
452 2368 626 2412 quodque
663 2379 706 2402 eo
742 2367 895 2412 majoris
932 2367 1115 2403 momenti
1153 2367 1336 2412 adpareat
1372 2369 1609 2413 comparanti

70 2426 195 2470 dubia,
222 2437 304 2470 quae
331 2425 483 2469 Harvey
509 2425 554 2459 de
581 2425 762 2470 generica
787 2424 1038 2470 dispositione
1072 2436 1148 2459 suae
1175 2425 1317 2469 plantae
1344 2426 1518 2470 protulit.
1570 2426 1608 2461 Si

70 2483 169 2517 enim
193 2482 330 2517 ramuli
355 2481 555 2516 constricti
580 2482 620 2516 in
646 2493 712 2516 sua
748 2482 880 2527 planta
915 2481 1140 2525 adfuissent,
1166 2482 1229 2516 vix
1254 2482 1365 2517 video
1389 2494 1505 2526 quare
1531 2495 1608 2518 non

70 2539 363 2585 Erythroelonio
401 2550 507 2574 suam
543 2540 714 2584 plantam
750 2539 942 2573 retulerit.
992 2538 1192 2574 Structura
1228 2550 1376 2583 quoque
1413 2540 1607 2584 paulisper

70 2598 234 2632 diversa.
284 2597 425 2632 Nostra
449 2596 566 2631 habet
590 2596 631 2630 in
668 2596 775 2631 caule
812 2596 994 2631 inferiore
1032 2596 1095 2630 fila
1131 2596 1316 2631 interiora
1338 2596 1379 2630 in
1405 2596 1607 2632 reticulum

71 2654 187 2688 dense
213 2654 416 2699 conjuncta
441 2653 542 2687 circa
559 2654 689 2688 tubum
712 2653 935 2697 centralem,
956 2653 1031 2687 filis
1050 2652 1205 2687 corticis
1225 2652 1473 2687 verticalibus
1492 2653 1605 2699 longe

70 2710 270 2744 maximam
294 2712 443 2754 partem
480 2709 819 2744 constituentibus.
869 2710 913 2743 In
938 2709 1096 2743 ramulis
1133 2708 1403 2753 pyriformibus
1442 2712 1605 2745 stratum

72 2767 250 2803 corticale
286 2766 484 2812 angustius
522 2767 601 2800 vidi
627 2778 737 2811 quam
762 2766 802 2800 in
828 2766 935 2801 icone
972 2766 1209 2809 Harveyana.
1260 2765 1606 2802 Conformationem

39 2842 47 2847 ,
73 2824 299 2870 eystocarpii
324 2835 473 2868 quoque
499 2823 610 2857 aliam
634 2827 739 2868 puto.
788 2824 847 2857 Ex
872 2822 980 2857 icone
1005 2822 1229 2867 Harveyana
1252 2821 1317 2855 fila
1341 2822 1605 2867 gemmidifera

72 2880 111 2917 'in
147 2883 275 2917 orbem
313 2882 413 2916 circa
450 2881 581 2916 tubum
619 2880 757 2916 axilem
795 2879 981 2925 disposita
1017 2878 1127 2915 facile
1166 2878 1354 2914 crederes.
1404 2880 1448 2914 In
1473 2884 1604 2918 nostra
