1757 3114
109 172 498 228 Erythrophyllum.
744 173 1028 215 GIGARTINEAE.
1563 172 1641 215 237

221 287 319 329 lulis
350 287 589 329 minoribus
621 287 907 341 pluriseriatis
953 287 1043 329 fere
1090 287 1180 329 sine
1226 288 1377 329 ordine
1417 289 1645 342 conspicuo

221 360 338 398 arcte
369 357 618 412 conjunctis.
669 358 852 400 Fructus
883 358 927 399 in
959 357 1189 411 segmentis
1221 357 1535 413 marginalibus
1566 358 1644 399 im-

221 425 363 477 mersi,
395 426 438 467 in
470 426 652 467 maculis
684 426 1004 468 obscurioribus
1038 460 1045 467 .
1079 460 1086 467 .

220 529 363 571 Genus
381 544 433 571 ex
448 530 569 572 icone
590 535 633 572 et
654 531 942 585 descriptione
964 530 1217 583 Ruprechtii
1239 530 1328 573 fere
1350 534 1522 572 tantum
1544 545 1645 585 cog-

107 599 257 649 nitum,
304 598 466 640 diutius
505 600 611 640 mihi
642 600 711 642 vix
742 599 1044 653 explicandum
1090 600 1305 653 adparuit.
1366 600 1431 641 Ex
1478 600 1645 655 analysi

107 670 149 707 et
186 666 475 720 descriptione
519 672 669 722 pateat
714 668 906 710 maculas
938 682 964 709 a
994 669 1259 722 Ruprechtio
1297 669 1538 724 descriptas
1570 674 1646 712 aut

104 734 272 777 fructus
304 736 445 778 nullos
476 737 749 787 continuisse,
796 741 872 778 aut
902 736 1070 779 fructus
1102 738 1274 780 omnino
1306 752 1486 781 erroneo
1517 739 1644 781 modo

105 804 236 846 fuisse
267 805 517 858 descriptos,
551 806 632 847 nisi
664 820 883 847 assumere
920 806 1069 847 liceret
1100 807 1210 847 hanc
1242 807 1437 860 plantam
1467 808 1523 850 ab
1555 823 1644 849 om-

105 874 232 915 nibus
264 874 360 915 aliis
393 873 606 916 Florideis
628 874 973 916 fructificationis
995 889 1149 916 norma
1171 874 1347 917 distare.
1389 876 1455 918 Ex
1477 876 1645 931 analysi

105 942 149 982 in
180 943 300 984 icone
332 943 437 984 data
469 946 734 984 structuram
766 942 932 985 frondis
968 943 1057 984 fere
1095 943 1378 998 Kallymeniae
1424 945 1641 998 crederes3

103 1011 342 1065 perlegenti
374 1015 518 1052 autem
551 1026 612 1061 ea,
646 1027 741 1065 quae
772 1025 871 1065 pag.
903 1013 983 1053 265
1006 1013 1179 1066 scripsit
1210 1038 1263 1043 ——
1295 1018 1481 1056 stratum
1512 1015 1642 1070 (inte-

103 1080 215 1136 rius)
247 1080 675 1134 parenchymaticum
707 1081 873 1122 cellulis
910 1082 1039 1122 varia}
1078 1081 1226 1123 formae
1259 1086 1301 1123 et
1331 1083 1642 1135 magnitudinis

105 1162 292 1202 quarum
323 1149 512 1202 parietes
551 1150 686 1191 crassi
731 1150 911 1191 invicem
956 1154 1074 1191 arcte
1120 1152 1319 1202 concreti,
1352 1156 1568 1203 constare;
1600 1153 1644 1194 in

103 1217 302 1270 partibus
334 1217 622 1259 adultioribus
654 1217 830 1259 cellulas
861 1218 1044 1260 fibrosas
1076 1223 1227 1261 tenues
1259 1224 1302 1261 et
1340 1220 1562 1275 elongatas
1598 1222 1643 1262 111

103 1287 341 1340 parietibus
374 1286 566 1328 evolutas
596 1287 775 1329 formari
802 1313 853 1317 „-
878 1288 947 1330 vix
978 1303 1063 1329 non
1094 1292 1259 1329 certum
1292 1289 1507 1331 videbitur
1529 1295 1642 1332 stru—

103 1359 275 1398 cturam
325 1370 416 1398 esse
463 1355 803 1411 Callophyllidis,
835 1371 912 1398 1100
957 1356 1250 1411 Kallymeniae.
1310 1358 1494 1400 Demum
1531 1360 1644 1401 inter

104 1424 249 1479 Algas,
283 1439 334 1467 ex
365 1425 514 1467 Insula
545 1425 797 1467 Vancouver
828 1425 871 1466 in
903 1425 985 1467 Hb.
1019 1425 1144 1467 John.
1176 1426 1254 1467 Ed.
1294 1427 1410 1482 Gray
1449 1442 1642 1470 asserva-

103 1499 183 1548 tas,
232 1495 525 1549 fragmentum
571 1496 813 1550 speciminis
859 1496 1002 1537 videre
1050 1496 1155 1536 mihi
1195 1497 1387 1551 contigit,
1421 1498 1537 1552 quod
1568 1502 1643 1539 aut

104 1566 289 1618 speciem
319 1565 557 1618 Ruprechti
588 1568 664 1606 aut
695 1564 864 1606 affinem
894 1565 1090 1618 plantam
1122 1565 1273 1607 sistere
1304 1567 1464 1619 putavi.
1504 1566 1642 1621 Hujus

103 1637 169 1675 est
199 1637 386 1675 stratum
418 1634 600 1675 interius
641 1633 696 1674 ad
741 1636 891 1687 typum
936 1632 1262 1688 Callophyllidis
1307 1634 1641 1687 conformatum3

103 1706 289 1744 stratum
321 1706 465 1744 autem
496 1702 701 1744 corticale
733 1701 899 1743 cellulis
930 1702 1066 1744 multo
1088 1702 1255 1744 firmius
1278 1703 1501 1755 concretis,
1524 1704 1642 1746 nullo

104 1772 230 1813 modo
262 1772 306 1812 in
336 1770 410 1812 fila
441 1771 664 1813 verticalia
707 1772 956 1825 conjunctis,
1004 1772 1090 1823 sed,
1138 1772 1173 1814 si
1217 1772 1299 1813 rite
1329 1772 1522 1823 viderim,
1554 1772 1643 1815 fere

102 1841 375 1891 inordinatis,
408 1843 450 1881 et
480 1839 653 1882 demum
685 1843 872 1881 stratum
903 1854 1096 1881 crassum
1126 1840 1426 1883 formantibus.
1476 1842 1643 1883 Harum

104 1909 322 1963 duplicem
353 1923 444 1950 esse
476 1909 629 1951 seriem
661 1909 771 1950 dixit
809 1909 1049 1963 Ruprecht3
1094 1909 1186 1962 ipse
1231 1909 1512 1964 multiplicem
1542 1911 1641 1952 vidi.

104 1977 148 2019 Si
179 1992 231 2020 ex
262 1977 328 2019 his
359 1978 597 2032 conjunctis
643 1977 747 2031 quid
793 1977 1050 2019 concludere
1096 1978 1236 2029 liceat,
1283 1979 1428 2021 Genus
1472 1979 1642 2021 videtur

103 2046 410 2102 Callophyllidi
440 2047 699 2101 proximum,
733 2048 888 2102 exigua
919 2047 1235 2090 modificatione
1267 2050 1395 2090 strati
1425 2050 1641 2092 corticalis

103 2118 337 2170 diversum3
370 2119 568 2170 Fructus,
600 2118 822 2172 hucusque
843 2118 1024 2172 ignotos,
1047 2118 1154 2160 alios
1177 2118 1448 2161 characteres
1470 2119 1642 2161 demum

103 2187 455 2241 suppeditaturos
487 2201 591 2239 esse,
622 2186 771 2229 forsan
803 2187 978 2229 credere
1008 2186 1120 2229 licet.

105 2289 177 2332 Cn.
209 2304 437 2331 LAMUTmtis
468 2291 627 2344 (Rupr.
659 2291 683 2332 l.
715 2305 746 2332 0.
769 2305 817 2344 p.
849 2292 902 2331 72
934 2291 1017 2333 tab.
1058 2293 1130 2347 14)
1174 2291 1326 2333 fronde
1368 2294 1641 2335 membrana-

217 2372 461 2400 ceo-crassa
490 2372 673 2400 carnosa
701 2372 808 2412 vage
838 2358 1055 2411 laciniata,
1087 2359 1132 2401 111
1162 2361 1393 2412 segmentis
1424 2362 1640 2415 margina-

214 2427 328 2469 libus
359 2427 552 2469 obovatis
582 2428 754 2468 demum
785 2427 1022 2469 fructifera.

370 2495 479 2538 Hab.
510 2496 555 2536 in
585 2495 757 2537 Oceano
788 2495 969 2550 pacifico
1001 2498 1235 2550 superiore.

61 2728 68 2736 x
104 2662 260 2714 ΧΙΝΙΙ.
297 2666 745 2715 ERYTROPHYLLUM
775 2673 821 2716 J.
854 2673 936 2727 Ay.
969 2673 1098 2716 Bidr.
1132 2671 1297 2716 Florz'd.
1331 2672 1442 2727 Syst.
1464 2688 1513 2727 p.
1546 2676 1610 2716 10.

110 2779 246 2820 Frons
278 2777 524 2819 foliiformis
555 2782 722 2820 costata
752 2779 957 2832 venisque
988 2777 1184 2819 obscuris
1206 2791 1426 2830 percursa,
1449 2777 1539 2818 fere
1560 2780 1637 2820 tri-

218 2848 299 2889 bus
331 2847 480 2888 stratis
511 2850 728 2898 contexta3
760 2847 844 2888 filis
866 2846 1145 2888 interioribus
1166 2845 1409 2887 articulatis
1430 2846 1638 2889 subfasci-

217 2914 394 2956 culatim
416 2915 653 2969 conjunctis
675 2920 838 2957 costam
859 2915 1162 2967 formantibus3
1196 2914 1361 2956 cellulis
1383 2915 1638 2958 rotundato-
