1757 3114
136 123 216 164 510
615 123 1116 166 HELMINTHoetAmAcEAE.
1384 127 1663 179 Gloioplzloea.

132 236 261 287 ciunt,
293 236 375 278 filis
407 236 657 278 sub—liberis
688 237 784 278 laxe
816 237 927 278 inter
966 237 1052 278 alia
1089 239 1260 292 positis3
1305 240 1478 294 oblique
1513 254 1664 282 excur-

131 305 272 346 rentia
303 305 364 345 ita
394 304 493 345 laxa
523 308 572 345 ut
601 304 796 347 frondem
827 304 1011 346 reddant
1040 307 1307 354 tubulosam:
1344 312 1529 349 stratum
1550 309 1663 349 infra

131 373 447 426 periphericum
479 371 560 413 filis
590 373 718 426 paulo
750 374 1069 424 ramosioribus,
1117 375 1248 415 ramis
1293 376 1490 429 pluribus
1539 390 1660 417 secus

131 441 421 494 peripheriam
467 442 795 483 excurrentibus
843 445 884 483 et
927 442 1105 483 invicem
1143 444 1404 493 intertextis3
1452 445 1541 486 haec
1586 444 1659 485 fila

130 509 536 562 infra-peripherica
568 524 663 551 cum
695 513 821 551 aetate
855 510 1011 551 sensim
1042 510 1243 552 densiora
1272 512 1381 554 fiunt
1412 517 1454 554 et
1484 514 1527 553 in
1549 513 1666 554 fron-

131 578 196 619 dis
226 582 349 631 parte
387 578 588 620 inferiore
625 583 809 620 stratum
850 583 917 620 sat
952 580 1229 633 conspicuum
1261 580 1470 632 efficiunt3
1503 596 1555 623 ex
1585 581 1666 622 filis

129 647 547 700 infra-periphericis
578 651 669 689 tum
700 647 774 688 fila
805 648 1028 688 corticalia
1059 653 1318 700 extrorsum,
1364 654 1456 691 tum
1500 650 1574 690 fila
1604 651 1667 691 in-

129 716 292 757 teriora
337 717 572 757 introrsum
617 721 862 759 excurrunt.
921 717 1016 767 Qua
1048 718 1223 771 quidem
1254 722 1474 759 structura
1504 718 1667 760 frondis

130 798 265 837 genus
296 785 566 837 potissimum
598 784 838 826 Nemalioni
869 785 1162 838 adproximari
1194 786 1422 828 videretur.
1483 787 1666 828 Fructus

131 853 370 906 capsularis
402 867 503 895 vero
534 857 599 894 est
630 854 801 894 omnino
833 852 1034 903 Scinaiae3
1067 853 1245 895 nucleus
1277 868 1430 908 nempe
1453 855 1669 896 ambiente

130 922 331 962 intricate
362 921 492 974 plexu
529 921 701 963 filorum
739 922 974 962 introrsum
1013 921 1196 973 clausus,
1237 927 1480 964 extrorsum
1510 921 1592 963 filis
1623 923 1666 962 in

130 992 466 1045 carpostomium
489 990 706 1044 quoddam
728 990 1054 1032 excurrentibus
1077 994 1264 1044 apertus,
1288 990 1538 1032 fasciculum
1561 990 1663 1031 den-

129 1061 346 1102 sissimum
383 1060 554 1101 filorum
593 1060 909 1113 praegnantium
948 1059 1064 1100 intra
1101 1060 1359 1101 ambientem
1397 1060 1569 1113 plexum
1601 1059 1664 1101 fo-

129 1144 241 1171 vens.
283 1129 493 1170 Interiore
525 1129 660 1173 latere
690 1128 919 1169 ambientis
940 1128 1091 1181 plexus
1114 1128 1187 1168 fila
1208 1127 1522 1182 gemmidiifera
1543 1128 1666 1181 quasi

129 1212 154 1238 a
185 1198 313 1252 plano
345 1197 583 1251 placentari
621 1196 889 1250 proveniunt,
923 1200 1022 1236 sunt
1052 1196 1342 1249 maximopere
1374 1196 1592 1237 subdivisa
1623 1199 1665 1235 et

127 1265 626 1318 fasciculato-fastigiata
657 1269 901 1305 extrorsum
939 1264 1168 1313 radiantia,
1202 1264 1436 1317 gemmidia
1466 1265 1664 1305 minutis-

128 1335 237 1376 sima
282 1335 481 1376 foventia.
523 1359 572 1363 ——
613 1334 842 1374 Structura
887 1332 1053 1374 fructus
1100 1333 1339 1386 capsularis
1370 1333 1516 1374 Genus
1563 1347 1662 1373 cnm

127 1402 416 1455 Nemastoma,
449 1416 544 1456 quae
577 1406 795 1443 structura
827 1400 1043 1442 consimlis
1074 1401 1244 1442 cuidam
1277 1401 1509 1448 videretur,
1551 1416 1663 1442 com-

126 1485 283 1525 parare
314 1476 440 1513 vetat.

129 1588 163 1627 1.
196 1587 268 1628 Gr„
302 1586 565 1627 SCINAIOIDEs
597 1586 664 1640 (J.
698 1585 778 1639 Ars.
802 1587 827 1626 Ι.
851 1588 906 1642 (².)
938 1586 1089 1627 fronde
1122 1586 1361 1639 gelatinosa
1391 1585 1665 1640 cylindracea

241 1655 480 1709 subzequali
513 1655 1070 1708 dichotomo-decomposita
1100 1654 1332 1708 fastigiata,
1356 1655 1663 1709 (exsiccatione

240 1724 514 1779 collabente),
547 1724 679 1764 ramis
711 1723 1006 1777 superioribus
1039 1723 1320 1769 tenuioribus,
1354 1723 1547 1776 apicibus
1587 1723 1662 1764 ob-

241 1793 360 1833 tusis.
412 1792 591 1835 Scimm'a
625 1791 865 1844 fzcreellata
912 1791 1050 1833 Harv.
1098 1791 1195 1843 Ala.
1227 1795 1361 1833 (lustr.
1395 1805 1479 1833 ems.
1511 1805 1551 1832 n.
1584 1792 1663 1831 :348

243 1862 383 1913 quoad
412 1874 516 1913 spec.
549 1875 569 1902 c
608 1860 801 1903 Westemz
837 1859 949 1901 Pori.

391 1928 496 1970 Nov.
528 1928 772 1969 Hellandia.

127 2115 284 2164 fXXH.
322 2115 525 2166 SCINAIA
564 2125 739 2166 Bivoom
770 2127 817 2167 in
848 2126 968 2167 Iride
1004 2125 1201 2166 Psdarmo
1235 2117 1358 2165 182-2'
1386 2138 1478 2166 cum
1523 2127 1662 2175 icona·

240 2195 285 2236 J.
319 2195 399 2249 Ay.
435 2195 505 2247 Sp.
529 2208 575 2247 p.
608 2195 707 2244 4203
741 2193 999 2236 sznnannm
1032 2194 1166 2235 Mont.

128 2298 264 2339 Frons
285 2298 556 2352 cylindracea
578 2296 1167 2351 gelatinoso-membranacea
1189 2297 1446 2346 dichotoma,
1465 2298 1662 2339 immerse

239 2367 497 2417 subcostata,
530 2365 677 2406 stratis
698 2364 787 2405 fere
818 2365 957 2406 tribus
979 2369 1197 2415 contexta3
1220 2369 1338 2406 costa
1357 2365 1440 2406 filis
1471 2367 1663 2417 angustis

239 2434 624 2487 longitudinalibus
655 2433 926 2474 densioribus
958 2433 1131 2486 oblique
1162 2434 1204 2474 in
1235 2433 1310 2474 fila
1329 2433 1495 2475 laxiora
1517 2434 1661 2475 dicho-

239 2507 356 2544 toma
387 2502 513 2544 strati
544 2502 672 2543 medii
704 2502 1046 2553 excurrentibus,
1078 2503 1347 2556 peripherico
1370 2506 1507 2544 strato
1529 2503 1660 2544 cellu-

240 2572 293 2612 lis
337 2570 826 2624 rotundato-angulatis‚
874 2570 915 2610 in
948 2571 1243 2612 membranam
1276 2575 1393 2612 arcte
1440 2572 1660 2622 concretis,

239 2644 472 2682 constante.
534 2639 814 2693 Cystoeawrpm
853 2639 967 2680 infra
1013 2643 1197 2681 stratum
1242 2640 1559 2694 periphericum
1591 2654 1661 2681 su-

242 2723 408 2763 spensa,
442 2708 592 2750 nucleo
623 2709 800 2762 globoso
831 2707 914 2749 filis
945 2709 1235 2751 ambientibus
1258 2708 1506 2750 densissime
1529 2710 1660 2749 inter-

241 2778 369 2819 textis
401 2778 557 2826 clauso,
590 2778 923 2830 carpostomium
955 2791 1101 2818 versus
1124 2781 1285 2830 aperto,
1308 2777 1564 2827 constituta3
1588 2776 1661 2817 fila

239 2845 553 2898 gemmidiifera
592 2845 792 2897 plurima,
825 2860 849 2885 a
879 2844 1118 2898 placentari
1156 2845 1284 2897 plexu
1317 2844 1454 2885 nuclei
1494 2848 1659 2885 extror-
