1757 3114
131 172 210 213 582
642 193 654 203 ·
775 170 1015 212 SOLIERIEAE.
1348 168 1661 211 Meristotkeca.

130 285 340 338 videntur,
363 289 463 327 sunt
484 284 678 326 articulis
706 281 1006 325 terminalibus
1027 296 1124 324 mox
1147 281 1372 335 descriptis
1394 281 1525 335 duplo
1547 295 1662 324 eras-

130 354 276 406 siores,
309 354 503 407 oblongae
535 357 578 394 et
609 353 833 394 cruciatim
865 352 1023 393 divisae.

134 449 168 489 1.
201 448 250 490 G.
283 460 486 489 ULVOIDEA
517 444 666 500 (Sond.
700 445 724 486 l.
756 446 811 500 c.)
842 444 994 485 fronde
1026 442 1170 496 pedali
1201 456 1551 484 carnoso-crassa
1571 441 1665 495 piu-

244 514 379 556 natim
411 513 713 566 decomposita7
754 512 896 565 pinnis
934 511 1252 553 sublinearibus
1284 524 1310 551 a
1340 511 1532 564 margine
1563 509 1666 550 laci-

243 582 383 631 matis,
414 581 581 622 laciniis
629 581 799 622 demum
830 580 1132 622 conformibus.
1181 579 1410 622 Gelmawta
1465 579 1668 623 Ulvoidea

246 649 398 699 Soml.‚·
422 648 474 697 VJ.
507 649 589 701 Ass.
627 649 698 702 Sp.
722 664 769 702 p.
804 651 894 690 197.
942 648 1078 690 Harv.
1128 648 1255 701 Phyle.
1300 652 1435 690 (lustr.
1481 648 1563 690 tab.
1603 648 1667 688 85.

245 718 507 771 Halymenia
547 717 752 759 Ulvoz'dea
786 718 914 758 Klete.
950 716 1022 769 Sp.
1046 731 1092 769 J).
1128 717 1219 757 718.

243 786 353 827 Hab.
385 785 439 826 ad
485 799 584 826 oras
630 785 916 826 occidentales
955 790 997 826 et
1035 783 1492 826 austro-occidentales
1538 783 1666 825 Nova)

394 853 652 895 Hollandiae.

222 933 309 969 Obs.
359 934 498 968 Exstat
522 934 654 978 planta
679 934 765 968 huic
793 938 949 968 externe
977 933 1181 977 simillima,
1208 932 1358 968 nomine
1385 933 1664 967 Nemastomae?

131 990 406 1025 Gelinarioides
434 1001 454 1024 a
478 990 630 1035 Harvey
668 991 882 1035 designata,
920 1001 1031 1034 quam
1058 993 1251 1025 structura
1276 990 1451 1024 densiore
1478 990 1669 1023 diversam

131 1046 240 1082 dixit.
266 1046 363 1080 Mihi
389 1058 534 1090 quoque
562 1050 755 1081 structura
773 1047 925 1081 diversa
950 1047 1143 1091 adparuit3
1172 1047 1222 1080 sit
1238 1046 1351 1081 immo
1370 1050 1411 1080 ut
1430 1046 1576 1090 species
1595 1046 1667 1088 hae,

130 1104 222 1138 licet
249 1107 408 1138 externe
441 1103 659 1147 simillimae,
684 1104 811 1138 forsan
840 1116 971 1149 parum
999 1104 1126 1138 affines
1153 1104 1303 1138 demum
1335 1106 1576 1137 censeantur.
1625 1103 1668 1136 In

131 1160 291 1205 Synopsi
309 1160 463 1205 Phycol.
482 1161 673 1195 Australis
692 1161 842 1205 Harvey
862 1161 1027 1205 speciem
1045 1161 1200 1195 allatam
1222 1161 1290 1196 sub
1307 1160 1531 1204 Halymonia
1549 1160 1671 1194 Muel-

131 1218 201 1253 leri
227 1218 464 1262 memoravit,
504 1219 702 1263 supposita
737 1219 910 1253 identatc
949 1219 1161 1263 utriusque.
1215 1218 1402 1262 Quidquid
1430 1229 1519 1252 vero
1547 1217 1597 1252 sit
1621 1218 1666 1252 H.

130 1275 320 1319 Muelleri‚
346 1275 429 1310 haee
455 1276 608 1310 diversa
645 1276 796 1311 omnino
835 1276 980 1321 species
1019 1276 1184 1319 videtur,
1212 1276 1241 1310 si
1269 1276 1420 1320 quidem
1445 1276 1543 1310 iconi
1568 1277 1662 1311 Kiit-

131 1332 317 1377 zingianae
346 1332 449 1376 (chb.
476 1332 590 1377 Plesyc.
626 1332 703 1367 Vol.
734 1332 839 1366 XVI
859 1333 930 1367 tab.
958 1334 1015 1377 95)
1050 1333 1148 1376 quod
1186 1332 1309 1377 ipsum
1348 1333 1541 1378 specimen
1579 1333 1668 1368 Son-

132 1388 215 1424 deri
239 1388 383 1434 pictum
409 1388 563 1433 dicitur,
588 1388 682 1423 fides
708 1389 882 1424 habenda
907 1389 969 1424 sit.

133 1566 300 1616 CXLVI.
339 1568 730 1614 MERISTOTHECA
766 1565 812 1608 J.
844 1566 925 1619 Ay.
957 1565 1087 1608 Bedr.
1122 1566 1192 1608 Fl.
1227 1566 1403 1620 System.
1425 1580 1472 1619 1).
1506 1567 1571 1607 36.

134 1683 270 1724 Frons
300 1681 432 1736 plana
463 1682 1056 1736 gelatinoso-membranacea
1085 1683 1515 1727 laciniatardentibus
1538 1688 1580 1726 et
1600 1689 1668 1726 tu-

245 1751 431 1794 berculis
463 1752 635 1792 demum
668 1756 938 1806 exasperata,
971 1753 1086 1794 intus
1118 1754 1334 1804 tubulosa‚
1368 1754 1471 1796 tubo
1494 1754 1576 1795 filis
1599 1768 1668 1794 ar-

245 1819 436 1861 ticulatis
467 1821 978 1875 anastomosantibusque
998 1836 1216 1875 percurso,
1239 1823 1510 1876 peripherico
1532 1825 1668 1864 strato
1702 1813 1704 1815 ¹

246 1888 483 1930 introrsum
515 1888 680 1930 cellulis
712 1890 880 1943 magnis
926 1890 1185 1937 rotundatis,
1221 1890 1490 1944 superficiem
1521 1903 1668 1931 versus

246 1956 493 2007 minoribus,
527 1960 770 1999 extrorsum
802 1957 967 2000 cellulis
998 1959 1175 2000 minutis
1196 1959 1239 1999 in
1260 1959 1334 2000 fila
1356 1959 1554 2000 breviora
1576 1972 1669 1999 ver-

245 2023 393 2065 ticalia
439 2025 686 2078 conjunctis,
734 2030 943 2068 contexto.
1020 2024 1301 2079 Cysfoccmfflfa
1344 2027 1388 2067 in
1433 2026 1669 2068 tuberculis

246 2092 341 2142 sita,
373 2096 512 2133 strato
543 2093 736 2134 cortic-ali
759 2093 942 2147 amplius
965 2095 1135 2136 evoluto
1156 2094 1334 2143 inclusa,
1358 2095 1474 2136 intra
1495 2095 1668 2148 plexum

246 2159 508 2214 peculiarem
526 2164 643 2202 arcte
660 2162 919 2203 ambientem
937 2162 1134 2204 nucleum
1157 2163 1438 2216 compositum
1460 2162 1668 2213 foventia3

248 2228 434 2270 nucleoli
465 2229 579 2270 circa
610 2229 853 2282 placentam
895 2232 1176 2283 compositam
1215 2222 1431 2272 radiatim
1458 2231 1667 2284 dispositi,

245 2296 329 2338 filis
362 2297 583 2338 sterilibus
615 2311 640 2338 a
671 2298 869 2351 placenta
901 2299 955 2339 ad
986 2300 1160 2353 plexum
1191 2300 1452 2341 ambientem
1483 2299 1668 2341 extensis

248 2365 428 2406 invicem
460 2367 664 2419 separati,
704 2366 786 2408 filis
825 2367 1147 2419 gemmidiiferis
1187 2369 1368 2409 ramosis
1407 2369 1585 2409 invicem
1615 2367 1668 2409 li-

247 2433 364 2475 beris
395 2432 672 2486 fasciculatis‚
704 2436 994 2488 peripheriam
1027 2450 1172 2477 versus
1202 2436 1475 2485 radiantibus
1513 2436 1668 2478 consti-

249 2503 352 2553 tuti3
385 2502 618 2555 gemmidia
649 2503 692 2544 in
725 2503 918 2545 articulis
948 2505 1251 2546 terminalibus
1283 2504 1551 2546 ramulorum
1582 2505 1667 2545 sin-

248 2570 350 2624 gula
381 2571 766 2613 clavato-obovata.
831 2571 1144 2624 Splzaerosporoe
1191 2572 1544 2614 strato-corticali
1587 2573 1667 2614 im-

250 2651 413 2685 mersae,
447 2653 619 2693 sparsae,
653 2641 877 2681 cruciatim
909 2640 1065 2682 divisae.

250 2741 420 2794 Species
453 2742 578 2796 hujus
610 2743 779 2796 generis
810 2743 996 2797 primum
1028 2744 1199 2797 cognita
1230 2758 1280 2786 ex
1312 2744 1464 2785 habitu
1495 2748 1584 2785 tum
1613 2743 1667 2784 ad

137 2809 450 2863 Halymeniam,
482 2814 575 2850 tum
607 2811 663 2851 ad
693 2810 1181 2865 Kallymeniamrelata
1204 2812 1296 2852 fuit.
1339 2811 1425 2852 Nec
1449 2814 1668 2852 structura

139 2891 164 2919 a
194 2877 450 2920 Rhabdonia
481 2878 713 2921 admodum
743 2879 918 2921 recedit.
959 2879 1091 2922 Missa
1112 2880 1356 2924 substantia
1388 2879 1591 2930 molliore,
1623 2880 1667 2921 in
