1757 3114
38 166 314 220 Monospora.
659 166 964 208 WRANGELOEAE.
1463 190 1464 193 η
1483 163 1559 203 611

149 294 492 334 quoquoversum
526 278 844 331 egredientibus
882 275 1147 325 dichotomis,
1185 274 1375 316 ramellis
1412 275 1463 315 ad
1496 290 1567 328 ge-

150 349 292 389 nicula
321 348 564 396 contractis,
587 348 781 400 apicibus
803 344 1083 399 cylindraceis
1106 345 1431 394 subattenuatis,
1455 359 1569 398 gem-

149 416 291 457 inidiis
308 415 773 470 ellipsoideo-obovatis
796 413 998 454 interiore
1020 412 1295 454 ramelloruni
1316 413 1451 454 latere
1468 413 1569 454 sub-

150 484 415 526 axillaribus.
447 484 494 526 J.
527 484 608 537 Ay.
644 483 716 536 Sp.
740 496 787 535 p.
820 483 885 521 71.
919 480 1115 533 Mmosp.
1140 481 1397 533 pedrieellata
1422 481 1568 523 Sol-ier.

151 552 344 594 Zamam.
378 553 570 605 Iconogsr.
604 551 711 593 Ado:
743 549 824 591 tal).
859 546 1056 590 LXVII
1082 548 1139 589 B.
1174 548 1297 603 Cous.
1313 548 1570 601 pedicellata

158 620 243 662 Sm.
275 620 300 661 l.
334 635 365 661 e.
398 619 548 661 Dillw.
582 620 664 660 tab.
698 620 789 659 108.
823 616 992 658 Gallim.
1006 617 1307 669 pede'eellatmn
1329 619 1409 670 Ay.
1434 617 1571 658 Har-v.

156 688 288 740 Phyle.
322 689 437 729 Brit.
468 688 551 729 tab.
583 689 675 728 212.
712 687 840 728 Kritz.
873 686 953 726 tab.
991 685 1116 738 Plcgye.
1162 685 1248 727 Vol.
1287 686 1365 727 XI
1391 686 1472 727 tab.
1503 687 1570 727 (34.

154 755 244 798 Cer.
269 757 570 809 pedeteellatzem
604 754 718 796 Dub.
751 752 841 796 Cer.
875 753 942 795 II.
975 754 1056 795 tab.
1092 754 1124 795 I
1134 753 1179 795 V.
1199 755 1276 808 fiy.
1309 756 1344 795 4.

208 826 272 866 Ad
304 826 451 866 littora
491 824 697 865 atlantica
732 823 936 875 Europae3
975 836 1145 875 quoque
1178 823 1219 862 in
1259 822 1572 863 mediterraneo

300 895 411 934 lecta
442 894 612 934 dicitur.

45 1001 82 1040 5.
118 999 172 1040 M.
206 1012 386 1039 CLAVATA
409 997 630 1052 (Sekousb.
663 998 807 1051 mser.)
838 996 988 1037 fronde
1019 995 1302 1037 erectiuscula
1332 995 1575 1037 dichotoma

151 1068 317 1109 alterne
362 1066 593 1110 ramulosa,
640 1064 817 1106 ramulis
864 1077 1207 1118 quoquoversum
1254 1063 1574 1117 egredientibus

150 1137 341 1183 furcatis,
389 1135 683 1188 superioribus
729 1132 1237 1177 dichotomo-ramulosis,
1284 1132 1474 1175 ramellis
1519 1133 1574 1174 ad

152 1206 349 1260 genicula
393 1206 638 1255 contractis,
684 1205 877 1258 apicibus
928 1203 1283 1253 olavaeformibus,
1336 1204 1575 1256 gemmidiis

150 1274 611 1328 ellipsoideo—obovatis
642 1273 844 1313 interiore
876 1271 1153 1313 ramellorum
1184 1271 1320 1312 latere
1341 1270 1572 1312 subaxilla-

151 1345 282 1385 ribus,
329 1343 375 1385 J.
407 1343 487 1394 Aqq.
529 1343 598 1395 Sp.
632 1357 679 1395 1⁹-
725 1344 790 1383 71.
838 1341 1007 1383 Callima.
1055 1341 1266 1383 elavatmn
1315 1341 1444 1382 Kic'te.
1492 1342 1574 1382 tab.

156 1412 281 1465 Phyle.
324 1413 408 1453 Vol.
445 1411 522 1452 XI
549 1411 630 1452 tab.
665 1411 729 1450 (33.
771 1409 859 1452 Cer.
904 1410 1206 1463 Perreymomli
1238 1408 1352 1450 Dur).
1384 1408 1473 1451 Ger.
1508 1410 1575 1451 II.

151 1481 233 1522 tab.
268 1481 300 1522 I
305 1478 347 1522 V.
368 1481 444 1534 fis).
478 1481 514 1520 5.
548 1479 744 1531 Monosp.
776 1478 1034 1531 peclieellata
1063 1493 1152 1519 var.
1183 1478 1352 1520 elavata,
1383 1478 1575 1520 Zamam.

152 1549 176 1590 l.
199 1564 230 1591 c.
262 1549 343 1591 tal).
378 1550 428 1589 67
463 1547 517 1589 A.

304 1619 353 1659 In
384 1617 696 1659 mediterraneo
729 1621 771 1657 et
801 1616 1005 1658 atlantico
1036 1616 1185 1657 vicino.

130 1697 234 1732 Hanc
262 1697 426 1741 speciem
461 1708 543 1730 cum
582 1696 831 1731 antecedente
868 1697 1089 1741 plerumque
1127 1696 1408 1740 conjunxerunt
1446 1706 1576 1729 recen-

41 1754 175 1791 tiores:
214 1757 411 1797 utramque
450 1765 596 1797 quoque
636 1753 799 1798 speciem
826 1754 864 1787 in
890 1753 1172 1787 mediterraneo
1210 1753 1390 1787 obvenire
1423 1752 1575 1787 dicitur.

39 1811 132 1845 Mihi
161 1814 286 1845 tamen
313 1811 413 1844 haud
439 1814 583 1843 certum
611 1810 764 1844 videtur
790 1822 901 1844 unam
927 1821 1010 1844 esse
1048 1809 1205 1843 alterius
1244 1810 1400 1843 formam
1426 1812 1491 1843 aut
1516 1820 1577 1843 va-

40 1868 230 1902 rietatem.
280 1867 323 1901 In
349 1867 399 1901 M.
428 1868 575 1901 clavata
601 1868 696 1901 bene
723 1867 918 1901 fructifera
944 1867 1021 1901 vidi
1053 1867 1218 1901 ramulos
1255 1867 1360 1911 apice
1391 1878 1578 1901 ramorum

43 1926 357 1968 subcorymlmsos
385 1927 423 1958 et
447 1925 568 1958 multo
606 1924 760 1959 densius
800 1927 1029 1969 aggregatos
1068 1936 1177 1968 quain
1203 1924 1241 1958 in
1267 1924 1412 1959 laxiore
1438 1924 1489 1958 M.
1516 1935 1579 1968 pe-

41 1983 231 2017 dicellata.
266 1983 371 2016 Inter
397 1982 464 2016 hos
491 1983 654 2017 ramulos
683 1982 744 2016 vix
769 1986 935 2017 mutatos
956 1986 994 2016 et
1014 1982 1210 2017 sterilibus
1230 1994 1363 2026 parum
1380 1982 1576 2017 tenuiores

41 2039 118 2074 vidi
145 2039 349 2084 gemmidia
373 2040 492 2073 multo
519 2039 673 2073 densius
702 2042 925 2085 aggregata,
952 2039 1077 2083 qualia
1101 2039 1140 2073 in
1165 2041 1240 2074 tab.
1261 2040 1380 2073 citata
1396 2040 1581 2084 Dubyana

41 2108 186 2140 quoque
213 2099 542 2141 representantur.
592 2096 779 2130 Interiore
806 2096 925 2130 latere
951 2096 1182 2131 ramulorum
1207 2096 1452 2140 proveniunt,
1479 2107 1580 2130 nunc

41 2154 87 2187 ad
114 2153 249 2188 axillas
277 2153 441 2199 singula,
468 2164 567 2187 nunc
585 2153 695 2197 plura
714 2153 956 2197 superposita
975 2164 1082 2187 secus
1102 2153 1382 2198 longitudinem
1408 2153 1578 2197 ejusdem

39 2210 205 2253 articuli,
231 2221 329 2243 nunc
356 2210 467 2254 plura
491 2209 739 2252 collateralia,
778 2209 903 2243 medio
942 2209 1181 2254 praecociore.
1202 2231 1234 2234 —
1255 2210 1579 2244 Excrescentibus

40 2267 167 2301 forsan
194 2269 327 2310 postea
352 2265 507 2299 ramulis
533 2265 723 2300 fertilibus
750 2266 956 2311 gemmidia
988 2277 1119 2311 sparsa
1155 2278 1302 2310 quoque
1340 2267 1489 2301 demum
1515 2267 1578 2300 ol)-

42 2323 209 2359 veniant.
258 2323 301 2357 In
327 2322 410 2357 aliis
438 2322 706 2367 speciminibus
739 2325 823 2368 pat-i
855 2324 965 2357 modo
992 2324 1097 2368 apice
1124 2335 1313 2358 ramorum
1340 2324 1580 2368 corymboso-

41 2381 229 2424 ocellatis,
255 2380 333 2414 vidi
359 2380 524 2415 ramulos
563 2381 683 2414 multo
724 2380 916 2414 tenuiores
955 2381 1037 2425 pari
1062 2381 1172 2415 modo
1199 2384 1237 2414 at
1263 2380 1417 2414 densius
1443 2391 1579 2425 aggre-

43 2441 151 2483 gatos
178 2441 216 2471 et
240 2437 280 2471 in
305 2436 364 2470 his
391 2435 573 2471 interiore
599 2437 718 2471 latere
746 2437 1030 2482 sphaerosporas
1057 2437 1296 2479 rotundatas,
1324 2439 1362 2470 at
1379 2436 1418 2470 in
1436 2435 1579 2470 nostris

43 2494 201 2529 nimium
223 2493 415 2539 juveniles
442 2496 480 2527 et
504 2492 703 2537 indivisas,
729 2505 959 2538 cognoscere
986 2492 1145 2527 credidi.
1180 2493 1222 2526 In
1249 2493 1353 2526 nullo
1373 2492 1579 2537 specimine

45 2554 84 2587 C.
111 2552 343 2598 pedicellati‚
372 2562 529 2595 quorum
555 2550 718 2595 plurima
754 2551 845 2593 vidi,
883 2550 1048 2585 ramulos
1085 2550 1152 2584 hos
1191 2549 1308 2583 dense
1348 2552 1577 2594 aggregatos

45 2610 467 2655 corymboso—ocellatos
505 2609 596 2644 vidi.
651 2609 801 2644 Ramuli
839 2608 991 2653 quidem
1028 2618 1127 2642 nunc
1164 2606 1242 2640 fere
1279 2606 1505 2649 fasciculati,
1541 2609 1580 2640 at

46 2667 147 2702 omni
172 2670 349 2712 respectu
375 2665 552 2700 laxiores.
603 2665 815 2701 Pedicellos
843 2676 989 2709 quoque
1016 2663 1209 2709 longiores
1235 2662 1314 2698 vidi
1340 2674 1451 2706 quam
1469 2662 1507 2696 in
1526 2662 1577 2697 M.

46 2725 205 2759 clavata.
254 2723 351 2757 Hinc
390 2722 535 2767 species
575 2723 804 2768 conjungere
844 2721 960 2756 nolui.
1010 2721 1099 2765 Quae
1138 2720 1287 2755 nomine
1320 2720 1359 2754 C.
1388 2720 1533 2754 sessilis
1560 2731 1581 2754 a

47 2780 252 2826 Kutzingio
277 2780 301 2814 l.
329 2790 357 2814 e.
386 2780 457 2814 tab.
484 2780 527 2815 64
553 2779 774 2825 depingitur
812 2782 870 2813 est
905 2779 1024 2813 forma
1060 2778 1161 2812 inter
1187 2780 1385 2821 utramque
1413 2777 1578 2821 speciem

47 2836 288 2880 intermedia,
315 2848 335 2869 a
359 2847 417 2869 me
444 2836 490 2870 ad
516 2847 599 2870 oras
626 2835 941 2880 Galloprovinciae
969 2835 1080 2878 lecta,
1113 2833 1234 2879 magis
1268 2833 1496 2878 gelatinosa,
1521 2845 1578 2866 ra=

49 2894 159 2929 mulis
188 2893 342 2929 densius
369 2892 519 2936 vestita,
546 2893 713 2927 ramellis
741 2903 854 2937 supra
871 2891 1005 2926 axillas
1024 2891 1261 2926 acutissimas
1282 2890 1421 2926 eximie
1439 2891 1578 2923 erectis

1398 2947 1462 2980 39*
