1757 3114
107 109 190 151 330
676 110 1059 151 RHODYMENIACEAE.
1328 105 1635 159 Rhodfflnenia.

108 222 362 265 SOBOLIFERA
394 223 545 273 minor,
578 223 807 276 segmentis
839 220 1137 275 superioribus
1166 220 1253 262 late
1284 219 1476 262 cuneatis
1516 219 1636 273 apice

220 295 344 332 acute
375 290 649 332 denticulatis
679 291 993 344 laciniatisque.

299 371 348 411 In
379 370 548 412 Oceano
579 369 786 412 atlantico
818 369 1038 423 superiore
1070 372 1113 410 et
1144 369 1316 410 arctico.

107 521 163 562 II.
195 521 425 562 PALMETTAE
457 520 764 573 sphaerosporis
795 534 915 563 soros
947 521 1115 575 definito
1148 520 1232 562 loeo
1254 520 1435 574 frondis
1467 524 1543 562 aut
1563 520 1638 573 fo-

220 589 414 631 lz‘olorum
434 589 743 644 formantibus,
776 589 1133 632 stratocortz'cali
1164 591 1253 631 sori
1282 590 1354 631 vioe
1383 592 1554 632 mutato.

106 705 143 745 4.
174 704 253 745 RH.
285 716 496 744 PALMETTA
526 703 656 758 (Esp.
689 705 804 746 Icon.
837 704 920 745 tab.
960 704 1034 760 40>
1079 703 1231 745 fronde
1276 717 1302 744 a
1348 704 1493 757 stipite
1538 703 1639 745 sim-

218 771 470 825 pliciusculo
522 770 775 814 flabellatim
828 785 1018 826 expansa
1069 771 1640 826 decomposito-(lichotoma,

219 840 452 893 segmentis
481 838 719 882 linearibus
751 841 1127 895 subcuneatisque,
1169 840 1447 895 cystocarpiis
1484 840 1640 882 hemis-

218 908 418 961 phaericis
449 909 764 961 marginalibus
802 913 878 950 aut
906 909 951 950 in
981 909 1098 951 disco
1138 912 1458 963 segmentorum
1493 909 1641 950 termi-

219 978 381 1020 nalium
420 979 652 1031 sessilibus,
699 980 1010 1034 sphaerosporis
1056 979 1170 1021 infra
1206 980 1371 1033 apicem
1402 983 1642 1033 segmento-

219 1061 316 1088 rum
349 1061 494 1089 sorum
525 1047 808 1089 rotundatum
847 1047 1148 1090 formantibus.
1182 1048 1227 1090 J.
1260 1047 1340 1101 Ay.
1376 1047 1446 1100 Sp.
1468 1061 1516 1100 p.
1548 1048 1641 1089 378.

218 1115 343 1170 (excl.
376 1130 465 1170 syn.
498 1119 540 1157 et
570 1116 744 1172 variet.)
778 1116 908 1158 Ke’ltz.
941 1117 1024 1158 tab.
1061 1116 1189 1170 Phyle.
1234 1115 1321 1158 Vol.
1356 1115 1543 1158 XVIII
1560 1116 1641 1157 tab.

220 1186 415 1227 97—100
446 1185 522 1240 (an
554 1185 815 1239 quibusdam
847 1185 1014 1242 excl.?).
1067 1186 1209 1228 cmcus
1231 1184 1442 1238 palmetta
1476 1184 1582 1237 Esp.
1615 1185 1640 1226 l.

217 1268 248 1295 c.
279 1257 318 1295 et
351 1253 483 1295 Turn.
516 1253 633 1295 Hist.
665 1254 748 1295 tab.
780 1255 843 1295 73.
882 1254 1089 1308 Rhodym.
1112 1254 1324 1307 palmata
1372 1252 1496 1295 ἂνω).
1544 1252 1640 1307 Alss.

218 1322 394 1364 Britan.
426 1322 508 1364 tab.
545 1322 661 1364 XII.
695 1322 832 1365 Harv.
869 1322 998 1376 Phyc.
1033 1322 1148 1364 Brit.
1181 1325 1262 1364 tab.
1298 1322 1388 1363 134.

220 1403 271 1444 In
302 1403 476 1445 Oceano
508 1403 736 1454 atlantic03
768 1417 822 1444 an
854 1416 954 1444 vera
985 1403 1028 1444 in
1059 1401 1403 1445 mediterraneo?

196 1506 284 1551 Quae
322 1506 474 1542 nomine
510 1506 746 1551 Halymeniae
790 1506 1000 1541 Nicaeensis
1038 1517 1057 1540 e
1094 1506 1376 1541 mediterraneo
1420 1505 1642 1540 venditatur

103 1565 214 1610 Alga,
240 1565 312 1599 Rh.
339 1565 534 1609 palmettae
563 1564 768 1608 simillima,
794 1575 929 1598 revera
954 1565 1001 1598 acl
1027 1564 1190 1609 speciem
1217 1564 1359 1598 diversi
1378 1563 1537 1597 Generis
1557 1574 1641 1607 per-

104 1621 227 1658 tinere
253 1621 418 1656 videtur.
469 1621 713 1666 Cystocarpia
736 1621 776 1655 in
802 1621 873 1655 Rh.
907 1622 1092 1666 palmetta
1124 1621 1170 1654 acl
1205 1620 1330 1665 apices
1359 1622 1642 1665 segmentorum

104 1679 396 1723 hemisphaerica
426 1682 491 1713 aut
529 1679 801 1724 subsphaeffica,
838 1680 917 1713 lata
953 1679 1034 1714 basi
1074 1678 1236 1721 sessilia,
1276 1678 1451 1712 nucleum
1491 1678 1642 1722 Rhody-

104 1735 238 1769 meniae
266 1757 307 1760 —
332 1735 411 1769 fere
428 1735 576 1770 favellae
597 1736 760 1770 similem
779 1757 819 1760 —
836 1736 1050 1770 includunt.
1083 1736 1126 1769 In
1146 1735 1292 1779 Halym.
1313 1735 1516 1778 Nicaeensi,
1536 1735 1641 1779 cujus

106 1793 277 1837 capsulas
305 1793 511 1827 observare
538 1793 688 1827 demum
715 1794 891 1840 contigit,
928 1793 1165 1838 cystocarpia
1190 1796 1279 1827 sunt
1306 1793 1351 1827 acl
1377 1793 1506 1827 basem
1542 1792 1642 1827 fron-

106 1850 207 1883 dium
233 1854 454 1895 aggregata,
481 1851 681 1896 sphaerica,
707 1852 814 1886 brevi
840 1852 1028 1896 pedicello
1054 1850 1275 1893 insidentia,
1296 1853 1333 1884 et
1351 1849 1453 1884 intra
1477 1850 1641 1894 pericar—

105 1906 207 1951 pium
235 1907 480 1941 circumcirca
504 1908 653 1941 cellulis
680 1908 839 1943 radiatis
866 1908 1067 1942 conflatum
1092 1908 1236 1942 habent
1261 1907 1436 1940 nucleum
1456 1907 1639 1951 composi-

105 1965 199 2007 tum,
225 1963 409 1997 nucleolis
436 1963 608 2007 plurimis
636 1964 738 1998 intra
763 1966 1001 1999 membranas
1027 1964 1233 2009 gemmidia
1269 1963 1415 1998 minuta
1452 1964 1557 1998 nullo
1583 1976 1640 1998 01·-

106 2021 194 2055 dine
220 2022 446 2066 conglobata
470 2021 701 2056 foventibus.
738 2022 952 2067 Specimina
971 2021 1119 2056 sterilia
1145 2021 1332 2055 difficilius
1354 2021 1641 2064 distinguantur

105 2077 254 2111 cellulis
280 2078 528 2113 interioribus
555 2078 593 2112 in
620 2079 695 2113 Rh.
720 2080 905 2123 palmetta
929 2078 1050 2123 magis
1079 2078 1281 2123 elongatis⁷
1314 2078 1354 2112 in
1379 2078 1425 2112 H.
1451 2077 1642 2112 Nicaeensi

106 2134 346 2169 brevioribus
373 2138 412 2169 et
437 2135 556 2180 magis
584 2135 788 2180 angulatis.
840 2135 965 2179 Stipes
992 2135 1063 2168 Rh.
1091 2135 1287 2178 palmettae
1316 2137 1437 2170 strato
1457 2134 1639 2169 exteriori

103 2192 223 2225 multo
249 2191 370 2235 magis
398 2192 550 2226 evoluto
575 2191 782 2236 praeditus3
809 2191 847 2225 in
872 2191 918 2225 H.
945 2191 1135 2225 Nicaeensi
1175 2191 1294 2236 stipes
1333 2191 1507 2225 tenuiore
1543 2203 1640 2225 mar-

105 2249 194 2294 gine
221 2249 332 2282 strati
358 2248 550 2283 corticalis
589 2247 769 2293 cingitur.
818 2248 873 2282 De
911 2248 956 2282 H.
995 2248 1199 2290 Nicaeensi,
1238 2259 1321 2291 quae
1358 2248 1451 2282 mihi
1488 2247 1640 2292 Phyllo-

105 2306 234 2351 phorae
261 2306 408 2351 species
436 2306 600 2349 videtur,
627 2305 797 2340 conferas
824 2308 1006 2340 caeterum
1037 2305 1239 2351 diagnosin
1277 2318 1342 2340 suo
1379 2306 1460 2340 loco
1499 2306 1639 2340 datam.

107 2425 143 2465 5.
174 2423 255 2467 RH.
286 2436 513 2464 oonALLINA
543 2421 690 2477 (Bory
729 2420 853 2474 Coqu.
891 2435 960 2463 wo
994 2422 1067 2477 66)
1109 2420 1260 2463 fronde
1301 2435 1326 2462 a
1358 2422 1502 2475 stipite
1541 2421 1640 2463 sim-

219 2492 471 2545 pliciusculo
518 2490 772 2533 flabellatim
825 2504 1015 2544 expansa
1071 2490 1284 2545 elongata,
1331 2491 1640 2544 decomposito-

224 2560 480 2611 dichotoma,
513 2560 743 2613 segmentis
775 2559 1020 2610 linearibus,
1044 2559 1322 2613 cystocarpiis
1344 2554 1640 2612 hemisphaeri-

221 2629 280 2670 cis
312 2629 354 2669 in
388 2629 503 2669 disco
537 2631 856 2681 segmentorum
885 2627 1228 2681 penultimorum
1259 2628 1470 2681 congestis
1518 2628 1640 2669 sessi-

220 2697 346 2746 libus,
379 2696 691 2750 sphaerosporis
737 2698 959 2749 segmenta
1002 2695 1248 2737 terminalia
1293 2698 1368 2735 aut
1412 2693 1559 2736 foliola
1589 2709 1640 2736 ex

221 2764 413 2817 apicibus
445 2764 624 2805 vetustis
670 2763 959 2818 prolificantia
1005 2763 1326 2816 occupantibus,
1375 2776 1494 2804 soros
1525 2776 1640 2804 mar-

219 2832 395 2887 ginales,
443 2846 555 2873 nunc
601 2832 695 2875 basi
726 2833 988 2889 conjunctos,
1034 2830 1334 2873 formantibus.
1372 2829 1419 2873 J.
1451 2829 1532 2884 Ay.
1566 2830 1638 2884 Sp.
