<?xml version="1.0" encoding="UTF-8"?>
<!DOCTYPE html PUBLIC "-//W3C//DTD XHTML 1.0 Transitional//EN"
    "http://www.w3.org/TR/xhtml1/DTD/xhtml1-transitional.dtd">
<html xmlns="http://www.w3.org/1999/xhtml" xml:lang="en" lang="en">
 <head>
  <title>
</title>
<meta http-equiv="Content-Type" content="text/html;charset=utf-8" />
  <meta name='ocr-system' content='tesseract 3.04.00' />
  <meta name='ocr-capabilities' content='ocr_page ocr_carea ocr_par ocr_line ocrx_word'/>
</head>
<body>
  <div class='ocr_page' id='page_1' title='image "./speciesgeneraeto0301agar_0682.png"; bbox 0 0 1757 3114; ppageno 0'>
   <div class='ocr_carea' id='block_1_1' title="bbox 111 138 1632 192">
    <p class='ocr_par' dir='ltr' id='par_1_1' title="bbox 111 138 1632 192">
     <span class='ocr_line' id='line_1_1' title="bbox 111 138 1632 192; baseline 0 -12"><span class='ocrx_word' id='word_1_1' title='bbox 111 142 190 181; x_wconf 82' lang='grc'>666</span> <span class='ocrx_word' id='word_1_2' title='bbox 736 138 1000 181; x_wconf 78' lang='lat' dir='ltr'><strong>CHONDRIEAE.</strong></span> <span class='ocrx_word' id='word_1_3' title='bbox 1292 138 1632 192; x_wconf 73' lang='lat' dir='ltr'>Asparayopsis.</span> 
     </span>
    </p>
   </div>
   <div class='ocr_carea' id='block_1_2' title="bbox 108 251 1633 651">
    <p class='ocr_par' dir='ltr' id='par_1_2' title="bbox 108 251 1633 651">
     <span class='ocr_line' id='line_1_2' title="bbox 221 251 1629 306; baseline -0.001 -12"><span class='ocrx_word' id='word_1_4' title='bbox 221 254 281 295; x_wconf 92' lang='lat' dir='ltr'>De</span> <span class='ocrx_word' id='word_1_5' title='bbox 312 253 644 303; x_wconf 77' lang='lat' dir='ltr'>characteribus,</span> <span class='ocrx_word' id='word_1_6' title='bbox 677 252 833 306; x_wconf 87' lang='lat' dir='ltr'>quibus</span> <span class='ocrx_word' id='word_1_7' title='bbox 855 251 1015 305; x_wconf 86' lang='lat' dir='ltr'>species</span> <span class='ocrx_word' id='word_1_8' title='bbox 1036 251 1226 294; x_wconf 88' lang='lat' dir='ltr'>diversas</span> <span class='ocrx_word' id='word_1_9' title='bbox 1249 252 1497 305; x_wconf 80' lang='lat' dir='ltr'>dignoscere</span> <span class='ocrx_word' id='word_1_10' title='bbox 1518 252 1629 303; x_wconf 91' lang='lat' dir='ltr'>licet,</span> 
     </span>
     <span class='ocr_line' id='line_1_3' title="bbox 108 320 1630 375; baseline -0.001 -11"><span class='ocrx_word' id='word_1_11' title='bbox 108 322 252 364; x_wconf 85' lang='lat' dir='ltr'><strong>forsan</strong></span> <span class='ocrx_word' id='word_1_12' title='bbox 284 323 408 364; x_wconf 89' lang='lat' dir='ltr'>hodie</span> <span class='ocrx_word' id='word_1_13' title='bbox 447 321 586 363; x_wconf 85' lang='lat' dir='ltr'>adhuc</span> <span class='ocrx_word' id='word_1_14' title='bbox 617 321 813 375; x_wconf 75' lang='lat' dir='ltr'>quaedam</span> <span class='ocrx_word' id='word_1_15' title='bbox 845 320 975 361; x_wconf 88' lang='lat' dir='ltr'>dubia</span> <span class='ocrx_word' id='word_1_16' title='bbox 1004 323 1216 362; x_wconf 90' lang='lat' dir='ltr'>maneant.</span> <span class='ocrx_word' id='word_1_17' title='bbox 1278 320 1364 361; x_wconf 92' lang='lat' dir='ltr'>Nec</span> <span class='ocrx_word' id='word_1_18' title='bbox 1395 321 1507 362; x_wconf 87' lang='lat' dir='ltr'>enim</span> <span class='ocrx_word' id='word_1_19' title='bbox 1539 335 1630 374; x_wconf 88' lang='lat' dir='ltr'>spe-</span> 
     </span>
     <span class='ocr_line' id='line_1_4' title="bbox 108 389 1632 442; baseline -0.001 -10"><span class='ocrx_word' id='word_1_20' title='bbox 108 391 263 432; x_wconf 84' lang='lat' dir='ltr'>cimina</span> <span class='ocrx_word' id='word_1_21' title='bbox 300 392 360 432; x_wconf 88' lang='lat' dir='ltr'>ita</span> <span class='ocrx_word' id='word_1_22' title='bbox 390 392 496 432; x_wconf 91' lang='lat' dir='ltr'>bene</span> <span class='ocrx_word' id='word_1_23' title='bbox 527 389 793 441; x_wconf 86' lang='lat' dir='ltr'>reviviscunt,</span> <span class='ocrx_word' id='word_1_24' title='bbox 825 392 872 430; x_wconf 94' lang='lat' dir='ltr'>ut</span> <span class='ocrx_word' id='word_1_25' title='bbox 894 403 1060 442; x_wconf 90' lang='lat' dir='ltr'>semper</span> <span class='ocrx_word' id='word_1_26' title='bbox 1090 389 1142 430; x_wconf 88' lang='lat' dir='ltr'>de</span> <span class='ocrx_word' id='word_1_27' title='bbox 1171 389 1223 431; x_wconf 92' lang='lat' dir='ltr'>iis</span> <span class='ocrx_word' id='word_1_28' title='bbox 1254 390 1411 431; x_wconf 85' lang='lat' dir='ltr'>certius</span> <span class='ocrx_word' id='word_1_29' title='bbox 1443 393 1632 431; x_wconf 76' lang='lat' dir='ltr'>statuere</span> 
     </span>
     <span class='ocr_line' id='line_1_5' title="bbox 109 457 1633 512; baseline -0.001 -11"><span class='ocrx_word' id='word_1_30' title='bbox 109 459 343 510; x_wconf 81' lang='lat' dir='ltr'>valeamus3</span> <span class='ocrx_word' id='word_1_31' title='bbox 375 473 452 500; x_wconf 90' lang='lat' dir='ltr'>nec</span> <span class='ocrx_word' id='word_1_32' title='bbox 483 458 586 499; x_wconf 87' lang='lat' dir='ltr'>mihi</span> <span class='ocrx_word' id='word_1_33' title='bbox 615 457 752 512; x_wconf 88' lang='lat' dir='ltr'>liquet</span> <span class='ocrx_word' id='word_1_34' title='bbox 782 472 892 499; x_wconf 89' lang='lat' dir='ltr'>anne</span> <span class='ocrx_word' id='word_1_35' title='bbox 923 457 1101 499; x_wconf 87' lang='lat' dir='ltr'>diversis</span> <span class='ocrx_word' id='word_1_36' title='bbox 1133 458 1281 500; x_wconf 87' lang='lat' dir='ltr'>stadiis</span> <span class='ocrx_word' id='word_1_37' title='bbox 1313 458 1419 500; x_wconf 87' lang='lat' dir='ltr'>alios</span> <span class='ocrx_word' id='word_1_38' title='bbox 1451 458 1633 500; x_wconf 86' lang='lat' dir='ltr'>induant</span> 
     </span>
     <span class='ocr_line' id='line_1_6' title="bbox 109 525 1631 581; baseline -0.001 -12"><span class='ocrx_word' id='word_1_39' title='bbox 109 532 317 581; x_wconf 87' lang='lat' dir='ltr'>aspectus.</span> <span class='ocrx_word' id='word_1_40' title='bbox 377 526 535 568; x_wconf 86' lang='lat' dir='ltr'>Latent</span> <span class='ocrx_word' id='word_1_41' title='bbox 578 530 791 580; x_wconf 75' lang='lat' dir='ltr'>praeterea</span> <span class='ocrx_word' id='word_1_42' title='bbox 835 525 975 566; x_wconf 88' lang='lat' dir='ltr'>adhuc</span> <span class='ocrx_word' id='word_1_43' title='bbox 1021 526 1328 580; x_wconf 75' lang='lat' dir='ltr'>sphaerosporae</span> <span class='ocrx_word' id='word_1_44' title='bbox 1360 526 1403 568; x_wconf 90' lang='lat' dir='ltr'>in</span> <span class='ocrx_word' id='word_1_45' title='bbox 1434 527 1631 568; x_wconf 88' lang='lat' dir='ltr'>omnibus</span> 
     </span>
     <span class='ocr_line' id='line_1_7' title="bbox 109 597 341 651; baseline -0.004 -13"><span class='ocrx_word' id='word_1_46' title='bbox 109 597 341 651; x_wconf 82' lang='lat' dir='ltr'>speciebus.</span> 
     </span>
    </p>
   </div>
   <div class='ocr_carea' id='block_1_3' title="bbox 113 697 1639 1438">
    <p class='ocr_par' dir='ltr' id='par_1_3' title="bbox 113 697 1639 1233">
     <span class='ocr_line' id='line_1_8' title="bbox 113 697 1632 754; baseline -0.001 -12"><span class='ocrx_word' id='word_1_47' title='bbox 113 703 147 742; x_wconf 89' lang='lat'>1.</span> <span class='ocrx_word' id='word_1_48' title='bbox 181 703 272 742; x_wconf 78' lang='lat' dir='ltr'>Asr.</span> <span class='ocrx_word' id='word_1_49' title='bbox 304 701 476 741; x_wconf 72' lang='lat' dir='ltr'><strong>DELILEI</strong></span> <span class='ocrx_word' id='word_1_50' title='bbox 508 699 665 754; x_wconf 71' lang='lat' dir='ltr'>(Mont.</span> <span class='ocrx_word' id='word_1_51' title='bbox 700 698 803 742; x_wconf 73' lang='lat' dir='ltr'>Can.</span> <span class='ocrx_word' id='word_1_52' title='bbox 831 713 873 752; x_wconf 76' lang='lat' dir='ltr'>p.</span> <span class='ocrx_word' id='word_1_53' title='bbox 907 700 1006 754; x_wconf 78' lang='lat'>166)</span> <span class='ocrx_word' id='word_1_54' title='bbox 1036 697 1187 740; x_wconf 89' lang='lat' dir='ltr'>fronde</span> <span class='ocrx_word' id='word_1_55' title='bbox 1208 712 1234 739; x_wconf 88' lang='lat' dir='ltr'>a</span> <span class='ocrx_word' id='word_1_56' title='bbox 1255 697 1425 739; x_wconf 84' lang='lat' dir='ltr'>surculo</span> <span class='ocrx_word' id='word_1_57' title='bbox 1457 702 1632 751; x_wconf 86' lang='lat' dir='ltr'>repente</span> 
     </span>
     <span class='ocr_line' id='line_1_9' title="bbox 221 767 1632 822; baseline -0.002 -12"><span class='ocrx_word' id='word_1_58' title='bbox 221 769 513 818; x_wconf 86' lang='lat' dir='ltr'>erectiuscula,</span> <span class='ocrx_word' id='word_1_59' title='bbox 545 768 710 810; x_wconf 85' lang='lat' dir='ltr'>inferne</span> <span class='ocrx_word' id='word_1_60' title='bbox 740 769 908 822; x_wconf 83' lang='lat' dir='ltr'>longius</span> <span class='ocrx_word' id='word_1_61' title='bbox 939 767 1048 821; x_wconf 85' lang='lat' dir='ltr'>(fere</span> <span class='ocrx_word' id='word_1_62' title='bbox 1079 767 1134 808; x_wconf 86' lang='lat' dir='ltr'>ad</span> <span class='ocrx_word' id='word_1_63' title='bbox 1164 767 1369 820; x_wconf 84' lang='lat' dir='ltr'>medium)</span> <span class='ocrx_word' id='word_1_64' title='bbox 1401 767 1529 817; x_wconf 85' lang='lat' dir='ltr'>nuda,</span> <span class='ocrx_word' id='word_1_65' title='bbox 1562 781 1632 808; x_wconf 89' lang='lat' dir='ltr'>su-</span> 
     </span>
     <span class='ocr_line' id='line_1_10' title="bbox 222 835 1632 892; baseline -0.001 -13"><span class='ocrx_word' id='word_1_66' title='bbox 222 851 351 892; x_wconf 86' lang='lat' dir='ltr'>perne</span> <span class='ocrx_word' id='word_1_67' title='bbox 382 837 514 878; x_wconf 85' lang='lat' dir='ltr'>ramis</span> <span class='ocrx_word' id='word_1_68' title='bbox 546 838 742 879; x_wconf 87' lang='lat' dir='ltr'>brevibus</span> <span class='ocrx_word' id='word_1_69' title='bbox 782 835 1037 889; x_wconf 88' lang='lat' dir='ltr'>penicillatis</span> <span class='ocrx_word' id='word_1_70' title='bbox 1070 835 1279 888; x_wconf 88' lang='lat' dir='ltr'>pinnatim</span> <span class='ocrx_word' id='word_1_71' title='bbox 1310 835 1460 884; x_wconf 86' lang='lat' dir='ltr'>obsita,</span> <span class='ocrx_word' id='word_1_72' title='bbox 1493 850 1632 877; x_wconf 86' lang='lat' dir='ltr'>ramo-</span> 
     </span>
     <span class='ocr_line' id='line_1_11' title="bbox 222 903 1631 957; baseline 0 -12"><span class='ocrx_word' id='word_1_73' title='bbox 222 919 315 946; x_wconf 85' lang='lat' dir='ltr'>rum</span> <span class='ocrx_word' id='word_1_74' title='bbox 347 904 522 946; x_wconf 87' lang='lat' dir='ltr'>rachide</span> <span class='ocrx_word' id='word_1_75' title='bbox 554 904 817 946; x_wconf 86' lang='lat' dir='ltr'>subindivisa</span> <span class='ocrx_word' id='word_1_76' title='bbox 847 904 1055 957; x_wconf 88' lang='lat' dir='ltr'>pinnatim</span> <span class='ocrx_word' id='word_1_77' title='bbox 1086 903 1314 951; x_wconf 84' lang='lat' dir='ltr'>ramulosa,</span> <span class='ocrx_word' id='word_1_78' title='bbox 1346 903 1536 944; x_wconf 87' lang='lat' dir='ltr'>ramellis</span> <span class='ocrx_word' id='word_1_79' title='bbox 1559 918 1631 957; x_wconf 90' lang='lat' dir='ltr'>op-</span> 
     </span>
     <span class='ocr_line' id='line_1_12' title="bbox 221 971 1633 1028; baseline -0.001 -13"><span class='ocrx_word' id='word_1_80' title='bbox 221 974 369 1027; x_wconf 86' lang='lat' dir='ltr'>positis</span> <span class='ocrx_word' id='word_1_81' title='bbox 400 974 618 1028; x_wconf 79' lang='lat' dir='ltr'>vagisque,</span> <span class='ocrx_word' id='word_1_82' title='bbox 649 973 798 1015; x_wconf 89' lang='lat' dir='ltr'>mediis</span> <span class='ocrx_word' id='word_1_83' title='bbox 830 973 986 1014; x_wconf 87' lang='lat' dir='ltr'>ramuli</span> <span class='ocrx_word' id='word_1_84' title='bbox 1031 972 1388 1026; x_wconf 85' lang='lat' dir='ltr'>sublongioribus.</span> <span class='ocrx_word' id='word_1_85' title='bbox 1433 971 1633 1025; x_wconf 74' lang='lat' dir='ltr'>Aspara-</span> 
     </span>
     <span class='ocr_line' id='line_1_13' title="bbox 219 1040 1633 1096; baseline -0.001 -12"><span class='ocrx_word' id='word_1_86' title='bbox 219 1044 366 1096; x_wconf 67' lang='lat' dir='ltr'>yopsojs</span> <span class='ocrx_word' id='word_1_87' title='bbox 399 1041 559 1084; x_wconf 65' lang='lat' dir='ltr'>Delilei</span> <span class='ocrx_word' id='word_1_88' title='bbox 590 1042 725 1084; x_wconf 73' lang='lat' dir='ltr'>Mont.</span> <span class='ocrx_word' id='word_1_89' title='bbox 756 1041 801 1084; x_wconf 90' lang='lat' dir='ltr'>J.</span> <span class='ocrx_word' id='word_1_90' title='bbox 834 1040 913 1094; x_wconf 71' lang='lat' dir='ltr'>Ay.</span> <span class='ocrx_word' id='word_1_91' title='bbox 949 1040 1018 1093; x_wconf 73' lang='lat' dir='ltr'>Sp.</span> <span class='ocrx_word' id='word_1_92' title='bbox 1042 1055 1089 1093; x_wconf 75' lang='lat' dir='ltr'>p.</span> <span class='ocrx_word' id='word_1_93' title='bbox 1120 1042 1214 1081; x_wconf 81' lang='lat'>776.</span> <span class='ocrx_word' id='word_1_94' title='bbox 1250 1041 1366 1082; x_wconf 66' lang='lat' dir='ltr'>11⁷2·th</span> <span class='ocrx_word' id='word_1_95' title='bbox 1396 1041 1476 1082; x_wconf 78' lang='lat' dir='ltr'>tab.</span> <span class='ocrx_word' id='word_1_96' title='bbox 1505 1040 1633 1094; x_wconf 72' lang='lat' dir='ltr'>Phgyc.</span> 
     </span>
     <span class='ocr_line' id='line_1_14' title="bbox 233 1109 1639 1164; baseline -0.001 -11"><span class='ocrx_word' id='word_1_97' title='bbox 233 1111 320 1153; x_wconf 74' lang='lat' dir='ltr'><em>Vol.</em></span> <span class='ocrx_word' id='word_1_98' title='bbox 357 1111 486 1153; x_wconf 85' lang='lat' dir='ltr'>XIV</span> <span class='ocrx_word' id='word_1_99' title='bbox 509 1111 590 1152; x_wconf 79' lang='lat' dir='ltr'>tab.</span> <span class='ocrx_word' id='word_1_100' title='bbox 624 1112 687 1152; x_wconf 83' lang='grc'>92.</span> <span class='ocrx_word' id='word_1_101' title='bbox 720 1109 878 1164; x_wconf 69' lang='lat' dir='ltr'>Dasya</span> <span class='ocrx_word' id='word_1_102' title='bbox 913 1109 1070 1151; x_wconf 69' lang='lat' dir='ltr'>Delilei</span> <span class='ocrx_word' id='word_1_103' title='bbox 1101 1109 1236 1151; x_wconf 63' lang='lat' dir='ltr'>Movet.</span> <span class='ocrx_word' id='word_1_104' title='bbox 1270 1109 1295 1150; x_wconf 75' lang='lat' dir='ltr'>l.</span> <span class='ocrx_word' id='word_1_105' title='bbox 1328 1123 1358 1150; x_wconf 84' lang='lat' dir='ltr'>c.</span> <span class='ocrx_word' id='word_1_106' title='bbox 1390 1109 1472 1151; x_wconf 74' lang='lat' dir='ltr'>tab.</span> <span class='ocrx_word' id='word_1_107' title='bbox 1509 1109 1639 1152; x_wconf 88' lang='lat' dir='ltr'><em>VIII</em></span> 
     </span>
     <span class='ocr_line' id='line_1_15' title="bbox 222 1177 1384 1233; baseline -0.003 -12"><span class='ocrx_word' id='word_1_108' title='bbox 222 1181 285 1233; x_wconf 63' lang='grc' dir='ltr'>ἦρ.</span> <span class='ocrx_word' id='word_1_109' title='bbox 318 1181 354 1220; x_wconf 84' lang='grc'>6.</span> <span class='ocrx_word' id='word_1_110' title='bbox 390 1179 533 1222; x_wconf 75' lang='lat' dir='ltr'>Fucus</span> <span class='ocrx_word' id='word_1_111' title='bbox 565 1179 814 1233; x_wconf 68' lang='lat' dir='ltr'>taoez‘formis</span> <span class='ocrx_word' id='word_1_112' title='bbox 848 1177 988 1220; x_wconf 76' lang='lat' dir='ltr'>Delile</span> <span class='ocrx_word' id='word_1_113' title='bbox 1019 1177 1174 1231; x_wconf 68' lang='lat' dir='ltr'>Eygypt.</span> <span class='ocrx_word' id='word_1_114' title='bbox 1206 1177 1286 1219; x_wconf 76' lang='lat' dir='ltr'>tab.</span> <span class='ocrx_word' id='word_1_115' title='bbox 1321 1178 1384 1218; x_wconf 82' lang='lat'>57.</span> 
     </span>
    </p>

    <p class='ocr_par' dir='ltr' id='par_1_4' title="bbox 225 1244 1635 1438">
     <span class='ocr_line' id='line_1_16' title="bbox 225 1244 1635 1290; baseline -0.003 0"><span class='ocrx_word' id='word_1_116' title='bbox 225 1248 334 1290; x_wconf 89' lang='lat' dir='ltr'>Hab.</span> <span class='ocrx_word' id='word_1_117' title='bbox 366 1248 409 1289; x_wconf 91' lang='lat' dir='ltr'>in</span> <span class='ocrx_word' id='word_1_118' title='bbox 441 1261 597 1289; x_wconf 89' lang='lat' dir='ltr'>oceano</span> <span class='ocrx_word' id='word_1_119' title='bbox 629 1247 833 1288; x_wconf 85' lang='lat' dir='ltr'>atlantico</span> <span class='ocrx_word' id='word_1_120' title='bbox 865 1246 919 1287; x_wconf 89' lang='lat' dir='ltr'>ad</span> <span class='ocrx_word' id='word_1_121' title='bbox 959 1246 1121 1288; x_wconf 87' lang='lat' dir='ltr'>insulas</span> <span class='ocrx_word' id='word_1_122' title='bbox 1166 1244 1372 1287; x_wconf 86' lang='lat' dir='ltr'>Canarias</span> <span class='ocrx_word' id='word_1_123' title='bbox 1417 1250 1459 1287; x_wconf 92' lang='lat' dir='ltr'>et</span> <span class='ocrx_word' id='word_1_124' title='bbox 1504 1245 1635 1287; x_wconf 84' lang='lat' dir='ltr'>Indiae</span> 
     </span>
     <span class='ocr_line' id='line_1_17' title="bbox 372 1314 1635 1367; baseline -0.002 -10"><span class='ocrx_word' id='word_1_125' title='bbox 372 1315 665 1367; x_wconf 71' lang='lat' dir='ltr'>occidentalis,</span> <span class='ocrx_word' id='word_1_126' title='bbox 699 1316 742 1357; x_wconf 91' lang='lat' dir='ltr'>in</span> <span class='ocrx_word' id='word_1_127' title='bbox 774 1315 1099 1356; x_wconf 88' lang='lat' dir='ltr'>mediterraneo.</span> <span class='ocrx_word' id='word_1_128' title='bbox 1151 1314 1214 1355; x_wconf 87' lang='lat' dir='ltr'>An</span> <span class='ocrx_word' id='word_1_129' title='bbox 1247 1314 1395 1355; x_wconf 89' lang='lat' dir='ltr'>eadem</span> <span class='ocrx_word' id='word_1_130' title='bbox 1428 1314 1482 1355; x_wconf 87' lang='lat' dir='ltr'>ad</span> <span class='ocrx_word' id='word_1_131' title='bbox 1513 1314 1635 1355; x_wconf 88' lang='lat' dir='ltr'>Insu-</span> 
     </span>
     <span class='ocr_line' id='line_1_18' title="bbox 372 1382 1352 1438; baseline -0.004 -12"><span class='ocrx_word' id='word_1_132' title='bbox 372 1385 435 1426; x_wconf 89' lang='lat' dir='ltr'>las</span> <span class='ocrx_word' id='word_1_133' title='bbox 467 1384 733 1438; x_wconf 87' lang='lat' dir='ltr'>Philippinas</span> <span class='ocrx_word' id='word_1_134' title='bbox 765 1388 807 1425; x_wconf 90' lang='lat' dir='ltr'>et</span> <span class='ocrx_word' id='word_1_135' title='bbox 836 1384 892 1425; x_wconf 90' lang='lat' dir='ltr'>ad</span> <span class='ocrx_word' id='word_1_136' title='bbox 923 1397 1021 1425; x_wconf 91' lang='lat' dir='ltr'>oras</span> <span class='ocrx_word' id='word_1_137' title='bbox 1054 1382 1310 1424; x_wconf 79' lang='lat' dir='ltr'>Australiae‘?</span> <span class='ocrx_word' id='word_1_138' title='bbox 1347 1420 1352 1423; x_wconf 28' lang='grc'>1</span> 
     </span>
    </p>
   </div>
   <div class='ocr_carea' id='block_1_4' title="bbox 110 1472 1635 2068">
    <p class='ocr_par' dir='ltr' id='par_1_5' title="bbox 110 1472 1635 1999">
     <span class='ocr_line' id='line_1_19' title="bbox 110 1472 1634 1530; baseline -0.001 -12"><span class='ocrx_word' id='word_1_139' title='bbox 110 1479 146 1519; x_wconf 91' lang='grc'>2.</span> <span class='ocrx_word' id='word_1_140' title='bbox 179 1479 270 1519; x_wconf 80' lang='lat' dir='ltr'><strong>ASP.</strong></span> <span class='ocrx_word' id='word_1_141' title='bbox 303 1477 594 1519; x_wconf 74' lang='lat' dir='ltr'><strong>SANFORDIANA</strong></span> <span class='ocrx_word' id='word_1_142' title='bbox 638 1476 797 1530; x_wconf 62' lang='lat' dir='ltr'>(Har-v.</span> <span class='ocrx_word' id='word_1_143' title='bbox 842 1477 889 1518; x_wconf 72' lang='lat' dir='ltr'>in</span> <span class='ocrx_word' id='word_1_144' title='bbox 938 1476 1093 1517; x_wconf 72' lang='lat' dir='ltr'>Trans.</span> <span class='ocrx_word' id='word_1_145' title='bbox 1126 1475 1188 1517; x_wconf 79' lang='lat' dir='ltr'>Ir.</span> <span class='ocrx_word' id='word_1_146' title='bbox 1220 1474 1357 1516; x_wconf 76' lang='lat' dir='ltr'>Acad.</span> <span class='ocrx_word' id='word_1_147' title='bbox 1395 1472 1479 1516; x_wconf 79' lang='lat' dir='ltr'>Vol.</span> <span class='ocrx_word' id='word_1_148' title='bbox 1513 1475 1564 1515; x_wconf 91' lang='grc'>22</span> <span class='ocrx_word' id='word_1_149' title='bbox 1586 1488 1634 1527; x_wconf 76' lang='lat' dir='ltr'>p.</span> 
     </span>
     <span class='ocr_line' id='line_1_20' title="bbox 222 1542 1634 1602; baseline -0.002 -15"><span class='ocrx_word' id='word_1_150' title='bbox 222 1548 323 1602; x_wconf 78' lang='lat'>544&gt;</span> <span class='ocrx_word' id='word_1_151' title='bbox 354 1546 503 1587; x_wconf 82' lang='lat' dir='ltr'>fronde</span> <span class='ocrx_word' id='word_1_152' title='bbox 535 1560 560 1586; x_wconf 84' lang='lat' dir='ltr'>a</span> <span class='ocrx_word' id='word_1_153' title='bbox 591 1545 773 1587; x_wconf 86' lang='lat' dir='ltr'>surculis</span> <span class='ocrx_word' id='word_1_154' title='bbox 804 1544 1016 1586; x_wconf 89' lang='lat' dir='ltr'>intricatis</span> <span class='ocrx_word' id='word_1_155' title='bbox 1054 1543 1205 1585; x_wconf 88' lang='lat' dir='ltr'>validis</span> <span class='ocrx_word' id='word_1_156' title='bbox 1245 1542 1539 1594; x_wconf 86' lang='lat' dir='ltr'>erectiuscula,</span> <span class='ocrx_word' id='word_1_157' title='bbox 1571 1544 1634 1584; x_wconf 88' lang='lat' dir='ltr'>in-</span> 
     </span>
     <span class='ocr_line' id='line_1_21' title="bbox 220 1612 1635 1667; baseline -0.001 -12"><span class='ocrx_word' id='word_1_158' title='bbox 220 1614 338 1655; x_wconf 86' lang='lat' dir='ltr'>ferne</span> <span class='ocrx_word' id='word_1_159' title='bbox 376 1614 545 1667; x_wconf 84' lang='lat' dir='ltr'>longius</span> <span class='ocrx_word' id='word_1_160' title='bbox 584 1614 660 1667; x_wconf 88' lang='lat' dir='ltr'>(ad</span> <span class='ocrx_word' id='word_1_161' title='bbox 692 1613 877 1654; x_wconf 86' lang='lat' dir='ltr'>medium</span> <span class='ocrx_word' id='word_1_162' title='bbox 913 1612 1101 1666; x_wconf 87' lang='lat' dir='ltr'>circiter)</span> <span class='ocrx_word' id='word_1_163' title='bbox 1133 1612 1260 1663; x_wconf 91' lang='lat' dir='ltr'>nuda,</span> <span class='ocrx_word' id='word_1_164' title='bbox 1294 1625 1474 1665; x_wconf 87' lang='lat' dir='ltr'>superne</span> <span class='ocrx_word' id='word_1_165' title='bbox 1505 1613 1635 1654; x_wconf 88' lang='lat' dir='ltr'>ramis</span> 
     </span>
     <span class='ocr_line' id='line_1_22' title="bbox 222 1680 1634 1736; baseline -0.003 -12"><span class='ocrx_word' id='word_1_166' title='bbox 222 1683 422 1725; x_wconf 87' lang='lat' dir='ltr'>brevibus</span> <span class='ocrx_word' id='word_1_167' title='bbox 453 1682 711 1736; x_wconf 88' lang='lat' dir='ltr'>penicillatis</span> <span class='ocrx_word' id='word_1_168' title='bbox 749 1681 959 1735; x_wconf 85' lang='lat' dir='ltr'>pinnatim</span> <span class='ocrx_word' id='word_1_169' title='bbox 1005 1680 1155 1730; x_wconf 90' lang='lat' dir='ltr'>obsita,</span> <span class='ocrx_word' id='word_1_170' title='bbox 1197 1693 1413 1721; x_wconf 88' lang='lat' dir='ltr'>ramorum</span> <span class='ocrx_word' id='word_1_171' title='bbox 1460 1680 1634 1721; x_wconf 87' lang='lat' dir='ltr'>rachide</span> 
     </span>
     <span class='ocr_line' id='line_1_23' title="bbox 221 1747 1634 1803; baseline -0.002 -11"><span class='ocrx_word' id='word_1_172' title='bbox 221 1750 484 1793; x_wconf 88' lang='lat' dir='ltr'>subindivisa</span> <span class='ocrx_word' id='word_1_173' title='bbox 515 1750 724 1803; x_wconf 86' lang='lat' dir='ltr'>pinnatim</span> <span class='ocrx_word' id='word_1_174' title='bbox 755 1749 986 1799; x_wconf 82' lang='lat' dir='ltr'>ramulosa,</span> <span class='ocrx_word' id='word_1_175' title='bbox 1025 1748 1213 1790; x_wconf 89' lang='lat' dir='ltr'>ramellis</span> <span class='ocrx_word' id='word_1_176' title='bbox 1250 1747 1523 1790; x_wconf 87' lang='lat' dir='ltr'>inferioribus</span> <span class='ocrx_word' id='word_1_177' title='bbox 1560 1762 1634 1801; x_wconf 88' lang='lat' dir='ltr'>op-</span> 
     </span>
     <span class='ocr_line' id='line_1_24' title="bbox 222 1817 1633 1874; baseline -0.004 -12"><span class='ocrx_word' id='word_1_178' title='bbox 222 1821 371 1874; x_wconf 86' lang='lat' dir='ltr'>positis</span> <span class='ocrx_word' id='word_1_179' title='bbox 405 1820 651 1869; x_wconf 86' lang='lat' dir='ltr'>decussatis,</span> <span class='ocrx_word' id='word_1_180' title='bbox 684 1819 977 1871; x_wconf 86' lang='lat' dir='ltr'>superioribus</span> <span class='ocrx_word' id='word_1_181' title='bbox 1000 1818 1214 1871; x_wconf 83' lang='lat' dir='ltr'>subvagis,</span> <span class='ocrx_word' id='word_1_182' title='bbox 1236 1817 1533 1858; x_wconf 86' lang='lat' dir='ltr'>terminalibus</span> <span class='ocrx_word' id='word_1_183' title='bbox 1564 1830 1633 1857; x_wconf 85' lang='lat' dir='ltr'>ra-</span> 
     </span>
     <span class='ocr_line' id='line_1_25' title="bbox 221 1885 1632 1941; baseline -0.002 -11"><span class='ocrx_word' id='word_1_184' title='bbox 221 1889 433 1930; x_wconf 89' lang='lat' dir='ltr'>mulorum</span> <span class='ocrx_word' id='word_1_185' title='bbox 465 1888 673 1941; x_wconf 83' lang='lat' dir='ltr'>elongatis</span> <span class='ocrx_word' id='word_1_186' title='bbox 717 1888 902 1929; x_wconf 87' lang='lat' dir='ltr'>incurvis</span> <span class='ocrx_word' id='word_1_187' title='bbox 949 1887 1303 1941; x_wconf 86' lang='lat' dir='ltr'>subcorymbosis.</span> <span class='ocrx_word' id='word_1_188' title='bbox 1336 1886 1471 1928; x_wconf 81' lang='lat' dir='ltr'>Harv.</span> <span class='ocrx_word' id='word_1_189' title='bbox 1507 1885 1632 1939; x_wconf 70' lang='lat' dir='ltr'>Phyc.</span> 
     </span>
     <span class='ocr_line' id='line_1_26' title="bbox 221 1955 598 1999; baseline -0.003 0"><span class='ocrx_word' id='word_1_190' title='bbox 221 1961 353 1999; x_wconf 75' lang='lat' dir='ltr'>austr.</span> <span class='ocrx_word' id='word_1_191' title='bbox 387 1957 468 1998; x_wconf 78' lang='lat' dir='ltr'>tab.</span> <span class='ocrx_word' id='word_1_192' title='bbox 509 1955 598 1998; x_wconf 84' lang='lat' dir='ltr'>VI!</span> 
     </span>
    </p>

    <p class='ocr_par' dir='ltr' id='par_1_6' title="bbox 276 2023 1358 2068">
     <span class='ocr_line' id='line_1_27' title="bbox 276 2023 1358 2068; baseline -0.003 -1"><span class='ocrx_word' id='word_1_193' title='bbox 276 2026 384 2068; x_wconf 90' lang='lat' dir='ltr'>Hab.</span> <span class='ocrx_word' id='word_1_194' title='bbox 416 2026 471 2066; x_wconf 86' lang='lat' dir='ltr'>ad</span> <span class='ocrx_word' id='word_1_195' title='bbox 504 2040 600 2067; x_wconf 85' lang='lat' dir='ltr'>oras</span> <span class='ocrx_word' id='word_1_196' title='bbox 632 2025 914 2067; x_wconf 85' lang='lat' dir='ltr'>occidentales</span> <span class='ocrx_word' id='word_1_197' title='bbox 946 2024 1074 2066; x_wconf 84' lang='lat' dir='ltr'>Novae</span> <span class='ocrx_word' id='word_1_198' title='bbox 1105 2023 1358 2065; x_wconf 88' lang='lat' dir='ltr'>Hollandiae.</span> 
     </span>
    </p>
   </div>
   <div class='ocr_carea' id='block_1_5' title="bbox 108 2104 1633 2323">
    <p class='ocr_par' dir='ltr' id='par_1_7' title="bbox 108 2104 1633 2323">
     <span class='ocr_line' id='line_1_28' title="bbox 201 2104 1632 2150; baseline -0.003 -9"><span class='ocrx_word' id='word_1_199' title='bbox 201 2106 280 2141; x_wconf 84' lang='lat' dir='ltr'>Sec.</span> <span class='ocrx_word' id='word_1_200' title='bbox 309 2107 470 2141; x_wconf 86' lang='lat' dir='ltr'>Grunow</span> <span class='ocrx_word' id='word_1_201' title='bbox 495 2106 534 2140; x_wconf 90' lang='lat' dir='ltr'>in</span> <span class='ocrx_word' id='word_1_202' title='bbox 560 2106 645 2150; x_wconf 69' lang='lat' dir='ltr'><strong><em>Aly.</em></strong></span> <span class='ocrx_word' id='word_1_203' title='bbox 674 2106 824 2140; x_wconf 37' lang='lat' dir='ltr'>sz&#39;dsch.</span> <span class='ocrx_word' id='word_1_204' title='bbox 846 2117 886 2150; x_wconf 76' lang='lat' dir='ltr'>p.</span> <span class='ocrx_word' id='word_1_205' title='bbox 915 2106 957 2139; x_wconf 79' lang='lat'>24</span> <span class='ocrx_word' id='word_1_206' title='bbox 981 2106 1070 2149; x_wconf 87' lang='lat' dir='ltr'>Asp.</span> <span class='ocrx_word' id='word_1_207' title='bbox 1099 2104 1371 2139; x_wconf 83' lang='lat' dir='ltr'>Sandfordiana</span> <span class='ocrx_word' id='word_1_208' title='bbox 1388 2105 1433 2139; x_wconf 84' lang='lat' dir='ltr'>ab</span> <span class='ocrx_word' id='word_1_209' title='bbox 1451 2104 1542 2148; x_wconf 87' lang='lat' dir='ltr'>Asp.</span> <span class='ocrx_word' id='word_1_210' title='bbox 1562 2104 1632 2138; x_wconf 86' lang='lat' dir='ltr'>Dc-</span> 
     </span>
     <span class='ocr_line' id='line_1_29' title="bbox 109 2159 1633 2205; baseline -0.003 -8"><span class='ocrx_word' id='word_1_211' title='bbox 109 2163 188 2197; x_wconf 87' lang='lat' dir='ltr'>lilei</span> <span class='ocrx_word' id='word_1_212' title='bbox 215 2163 275 2197; x_wconf 84' lang='lat' dir='ltr'>vix</span> <span class='ocrx_word' id='word_1_213' title='bbox 303 2163 441 2197; x_wconf 83' lang='lat' dir='ltr'>differt.</span> <span class='ocrx_word' id='word_1_214' title='bbox 493 2162 755 2197; x_wconf 84' lang='lat' dir='ltr'>Confitendum</span> <span class='ocrx_word' id='word_1_215' title='bbox 792 2173 938 2205; x_wconf 88' lang='lat' dir='ltr'>quoque</span> <span class='ocrx_word' id='word_1_216' title='bbox 975 2162 1098 2195; x_wconf 90' lang='lat' dir='ltr'>nullos</span> <span class='ocrx_word' id='word_1_217' title='bbox 1128 2160 1208 2194; x_wconf 88' lang='lat' dir='ltr'>fere</span> <span class='ocrx_word' id='word_1_218' title='bbox 1234 2160 1471 2194; x_wconf 78' lang='lat' dir='ltr'>characteres</span> <span class='ocrx_word' id='word_1_219' title='bbox 1498 2159 1633 2194; x_wconf 87' lang='lat' dir='ltr'>distin—</span> 
     </span>
     <span class='ocr_line' id='line_1_30' title="bbox 109 2217 1632 2265; baseline -0.002 -11"><span class='ocrx_word' id='word_1_220' title='bbox 109 2223 269 2265; x_wconf 84' lang='lat' dir='ltr'>guentes</span> <span class='ocrx_word' id='word_1_221' title='bbox 296 2221 416 2254; x_wconf 85' lang='lat' dir='ltr'>adhuc</span> <span class='ocrx_word' id='word_1_222' title='bbox 440 2221 615 2254; x_wconf 86' lang='lat' dir='ltr'>inventos</span> <span class='ocrx_word' id='word_1_223' title='bbox 642 2220 770 2253; x_wconf 86' lang='lat' dir='ltr'>fuisse.</span> <span class='ocrx_word' id='word_1_224' title='bbox 819 2219 1023 2253; x_wconf 86' lang='lat' dir='ltr'>Fructibus</span> <span class='ocrx_word' id='word_1_225' title='bbox 1049 2221 1175 2252; x_wconf 75' lang='lat' dir='ltr'>autem</span> <span class='ocrx_word' id='word_1_226' title='bbox 1206 2218 1371 2253; x_wconf 85' lang='lat' dir='ltr'>nondum</span> <span class='ocrx_word' id='word_1_227' title='bbox 1403 2218 1479 2252; x_wconf 88' lang='lat' dir='ltr'>rite</span> <span class='ocrx_word' id='word_1_228' title='bbox 1505 2217 1632 2262; x_wconf 84' lang='lat' dir='ltr'>cogni-</span> 
     </span>
     <span class='ocr_line' id='line_1_31' title="bbox 108 2276 1445 2323; baseline -0.003 -10"><span class='ocrx_word' id='word_1_229' title='bbox 108 2279 173 2322; x_wconf 86' lang='lat' dir='ltr'>tis,</span> <span class='ocrx_word' id='word_1_230' title='bbox 198 2281 467 2323; x_wconf 82' lang='lat' dir='ltr'>praematurum</span> <span class='ocrx_word' id='word_1_231' title='bbox 494 2289 629 2312; x_wconf 76' lang='lat' dir='ltr'>censeo</span> <span class='ocrx_word' id='word_1_232' title='bbox 655 2277 700 2311; x_wconf 88' lang='lat' dir='ltr'>de</span> <span class='ocrx_word' id='word_1_233' title='bbox 725 2277 795 2311; x_wconf 88' lang='lat' dir='ltr'>hac</span> <span class='ocrx_word' id='word_1_234' title='bbox 820 2288 860 2311; x_wconf 84' lang='lat' dir='ltr'>re</span> <span class='ocrx_word' id='word_1_235' title='bbox 882 2276 1066 2321; x_wconf 81' lang='lat' dir='ltr'>judicium</span> <span class='ocrx_word' id='word_1_236' title='bbox 1091 2279 1238 2310; x_wconf 89' lang='lat' dir='ltr'>certum</span> <span class='ocrx_word' id='word_1_237' title='bbox 1264 2276 1445 2320; x_wconf 86' lang='lat' dir='ltr'>proferre.</span> 
     </span>
    </p>
   </div>
   <div class='ocr_carea' id='block_1_6' title="bbox 110 2365 1635 2905">
    <p class='ocr_par' dir='ltr' id='par_1_8' title="bbox 110 2365 1635 2905">
     <span class='ocr_line' id='line_1_32' title="bbox 110 2365 1634 2423; baseline -0.003 -11"><span class='ocrx_word' id='word_1_238' title='bbox 110 2372 146 2412; x_wconf 72' lang='grc'>3.</span> <span class='ocrx_word' id='word_1_239' title='bbox 179 2371 271 2412; x_wconf 79' lang='lat' dir='ltr'>AsP.</span> <span class='ocrx_word' id='word_1_240' title='bbox 303 2383 465 2411; x_wconf 83' lang='lat' dir='ltr'><strong>ARMATA</strong></span> <span class='ocrx_word' id='word_1_241' title='bbox 497 2368 657 2423; x_wconf 75' lang='lat' dir='ltr'>(Harv.</span> <span class='ocrx_word' id='word_1_242' title='bbox 685 2369 839 2410; x_wconf 70' lang='lat' dir='ltr'>Trans.</span> <span class='ocrx_word' id='word_1_243' title='bbox 863 2368 925 2409; x_wconf 82' lang='lat' dir='ltr'>Ir.</span> <span class='ocrx_word' id='word_1_244' title='bbox 948 2366 1082 2409; x_wconf 78' lang='lat' dir='ltr'>Acad.</span> <span class='ocrx_word' id='word_1_245' title='bbox 1116 2367 1201 2409; x_wconf 75' lang='lat' dir='ltr'>Vol.</span> <span class='ocrx_word' id='word_1_246' title='bbox 1225 2368 1275 2407; x_wconf 91' lang='grc'>22</span> <span class='ocrx_word' id='word_1_247' title='bbox 1290 2381 1337 2419; x_wconf 75' lang='lat' dir='ltr'>p.</span> <span class='ocrx_word' id='word_1_248' title='bbox 1360 2367 1461 2421; x_wconf 77' lang='lat'>544)</span> <span class='ocrx_word' id='word_1_249' title='bbox 1482 2365 1634 2408; x_wconf 83' lang='lat' dir='ltr'>fronde</span> 
     </span>
     <span class='ocr_line' id='line_1_33' title="bbox 221 2435 1633 2490; baseline -0.003 -10"><span class='ocrx_word' id='word_1_250' title='bbox 221 2439 385 2480; x_wconf 88' lang='lat' dir='ltr'>inferne</span> <span class='ocrx_word' id='word_1_251' title='bbox 415 2439 628 2488; x_wconf 84' lang='lat' dir='ltr'>intricata,</span> <span class='ocrx_word' id='word_1_252' title='bbox 661 2451 843 2490; x_wconf 88' lang='lat' dir='ltr'>superne</span> <span class='ocrx_word' id='word_1_253' title='bbox 875 2436 1168 2486; x_wconf 85' lang='lat' dir='ltr'>erectiuscula,</span> <span class='ocrx_word' id='word_1_254' title='bbox 1191 2436 1322 2477; x_wconf 87' lang='lat' dir='ltr'>ramis</span> <span class='ocrx_word' id='word_1_255' title='bbox 1344 2439 1465 2477; x_wconf 84' lang='lat' dir='ltr'>extra</span> <span class='ocrx_word' id='word_1_256' title='bbox 1486 2435 1633 2488; x_wconf 81' lang='lat' dir='ltr'>caespi-</span> 
     </span>
     <span class='ocr_line' id='line_1_34' title="bbox 222 2504 1635 2561; baseline -0.004 -11"><span class='ocrx_word' id='word_1_257' title='bbox 222 2513 306 2550; x_wconf 86' lang='lat' dir='ltr'>tem</span> <span class='ocrx_word' id='word_1_258' title='bbox 338 2507 603 2561; x_wconf 80' lang='lat' dir='ltr'>prolongatis</span> <span class='ocrx_word' id='word_1_259' title='bbox 634 2506 730 2560; x_wconf 86' lang='lat' dir='ltr'>plus</span> <span class='ocrx_word' id='word_1_260' title='bbox 761 2507 901 2547; x_wconf 84' lang='lat' dir='ltr'>minus</span> <span class='ocrx_word' id='word_1_261' title='bbox 924 2505 1150 2546; x_wconf 83' lang='lat' dir='ltr'>subdivisis</span> <span class='ocrx_word' id='word_1_262' title='bbox 1173 2518 1354 2558; x_wconf 89' lang='lat' dir='ltr'>superne</span> <span class='ocrx_word' id='word_1_263' title='bbox 1376 2504 1501 2557; x_wconf 81' lang='lat' dir='ltr'>longe</span> <span class='ocrx_word' id='word_1_264' title='bbox 1522 2504 1635 2545; x_wconf 85' lang='lat' dir='ltr'>infra</span> 
     </span>
     <span class='ocr_line' id='line_1_35' title="bbox 222 2572 1633 2627; baseline -0.004 -9"><span class='ocrx_word' id='word_1_265' title='bbox 222 2577 407 2618; x_wconf 87' lang='lat' dir='ltr'>medium</span> <span class='ocrx_word' id='word_1_266' title='bbox 438 2576 680 2625; x_wconf 84' lang='lat' dir='ltr'>ramulosis,</span> <span class='ocrx_word' id='word_1_267' title='bbox 712 2574 891 2616; x_wconf 86' lang='lat' dir='ltr'>ramulis</span> <span class='ocrx_word' id='word_1_268' title='bbox 923 2574 1215 2627; x_wconf 86' lang='lat' dir='ltr'>superioribus</span> <span class='ocrx_word' id='word_1_269' title='bbox 1237 2572 1504 2626; x_wconf 78' lang='lat' dir='ltr'>penicillatis,</span> <span class='ocrx_word' id='word_1_270' title='bbox 1527 2572 1633 2613; x_wconf 87' lang='lat' dir='ltr'>infe-</span> 
     </span>
     <span class='ocr_line' id='line_1_36' title="bbox 223 2640 1634 2697; baseline -0.003 -10"><span class='ocrx_word' id='word_1_271' title='bbox 223 2645 383 2687; x_wconf 88' lang='lat' dir='ltr'>riorum</span> <span class='ocrx_word' id='word_1_272' title='bbox 430 2645 525 2687; x_wconf 87' lang='lat' dir='ltr'>aliis</span> <span class='ocrx_word' id='word_1_273' title='bbox 571 2642 1111 2697; x_wconf 86' lang='lat' dir='ltr'>subcrispato-ramellosis,</span> <span class='ocrx_word' id='word_1_274' title='bbox 1159 2643 1253 2684; x_wconf 86' lang='lat' dir='ltr'>aliis</span> <span class='ocrx_word' id='word_1_275' title='bbox 1292 2640 1634 2695; x_wconf 74' lang='lat' dir='ltr'>sinlpliciusculis</span> 
     </span>
     <span class='ocr_line' id='line_1_37' title="bbox 223 2710 1633 2766; baseline -0.003 -11"><span class='ocrx_word' id='word_1_276' title='bbox 223 2714 441 2764; x_wconf 84' lang='lat' dir='ltr'>aculeatis,</span> <span class='ocrx_word' id='word_1_277' title='bbox 473 2713 632 2755; x_wconf 89' lang='lat' dir='ltr'>aculeis</span> <span class='ocrx_word' id='word_1_278' title='bbox 662 2712 858 2766; x_wconf 87' lang='lat' dir='ltr'>plurimis</span> <span class='ocrx_word' id='word_1_279' title='bbox 889 2712 1101 2761; x_wconf 87' lang='lat' dir='ltr'>retrorsis,</span> <span class='ocrx_word' id='word_1_280' title='bbox 1133 2710 1322 2752; x_wconf 77' lang='lat' dir='ltr'>ramellis</span> <span class='ocrx_word' id='word_1_281' title='bbox 1360 2710 1633 2752; x_wconf 83' lang='lat' dir='ltr'>inferioribus</span> 
     </span>
     <span class='ocr_line' id='line_1_38' title="bbox 223 2778 1634 2836; baseline -0.003 -13"><span class='ocrx_word' id='word_1_282' title='bbox 223 2782 430 2836; x_wconf 88' lang='lat' dir='ltr'>oppositis</span> <span class='ocrx_word' id='word_1_283' title='bbox 476 2782 726 2830; x_wconf 88' lang='lat' dir='ltr'>decussatis,</span> <span class='ocrx_word' id='word_1_284' title='bbox 774 2780 1066 2833; x_wconf 83' lang='lat' dir='ltr'>superioribus</span> <span class='ocrx_word' id='word_1_285' title='bbox 1111 2779 1322 2833; x_wconf 83' lang='lat' dir='ltr'>subvagis,</span> <span class='ocrx_word' id='word_1_286' title='bbox 1369 2778 1634 2820; x_wconf 88' lang='lat' dir='ltr'>ramulorum</span> 
     </span>
     <span class='ocr_line' id='line_1_39' title="bbox 223 2847 1634 2905; baseline -0.004 -12"><span class='ocrx_word' id='word_1_287' title='bbox 223 2850 582 2905; x_wconf 85' lang='lat' dir='ltr'>sublongioribus.</span> <span class='ocrx_word' id='word_1_288' title='bbox 617 2849 754 2892; x_wconf 71' lang='lat' dir='ltr'>Harv.</span> <span class='ocrx_word' id='word_1_289' title='bbox 797 2848 923 2902; x_wconf 58' lang='lat' dir='ltr'><em>Phyle.</em></span> <span class='ocrx_word' id='word_1_290' title='bbox 955 2852 1088 2896; x_wconf 67' lang='lat' dir='ltr'>cwstr.</span> <span class='ocrx_word' id='word_1_291' title='bbox 1119 2848 1201 2890; x_wconf 79' lang='lat' dir='ltr'>tab.</span> <span class='ocrx_word' id='word_1_292' title='bbox 1234 2849 1323 2889; x_wconf 83' lang='grc'>192.</span> <span class='ocrx_word' id='word_1_293' title='bbox 1355 2847 1634 2901; x_wconf 73' lang='lat' dir='ltr'>Asparayop-</span> 
     </span>
    </p>
   </div>
  </div>
 </body>
</html>
