1762 3036
70 119 362 172 Grateloupia.
637 116 1032 159 CRYPTONEMIAOEAE,
1527 115 1604 157 153

182 231 459 286 subdigitata,
493 231 724 283 segmentis
755 229 1002 283 patentibus
1034 228 1283 282 linearibus,
1308 229 1604 283 superioribus

181 301 337 344 sensim
368 300 708 353 angustioribus,
749 298 1051 341 terminalibus
1083 298 1296 354 elongatis
1328 297 1602 353 spathulatis.

332 368 397 410 Ad
430 367 549 410 littus
582 367 788 410 Peruviae.

69 476 106 515 6.
138 473 212 516 GR.
245 470 491 514 CossNTmn
523 473 678 527 (Kessitz.
713 472 786 525 Sp.
808 485 855 525 p.
889 471 990 527 732)
1022 470 1174 513 fronde
1206 470 1606 525 compresso-plana

175 540 327 582 lineari
358 540 822 594 palmato-dichotoma
858 543 901 581 et
938 552 1051 593 saepe
1083 553 1109 580 a
1139 538 1335 594 margine
1381 538 1602 593 prolifera,

179 609 412 663 segmentis
443 610 692 664 patentibus
714 609 951 654 linearibus
983 608 1277 662 cuneatisque,
1300 607 1603 650 terminalibus

174 676 398 731 elongatis,
423 677 643 720 sterilibus
675 676 1014 728 subdivaricatis‚
1039 676 1318 731 cystocarpiis
1341 675 1385 717 in
1406 689 1602 730 segmen-

176 746 228 787 tis
259 746 536 789 inferioribus
569 747 699 789 dense
730 746 994 801 aggregatis.

329 816 380 857 In
410 815 743 857 mediterraneo.

151 905 214 941 Gr.
241 905 469 941 dichotomae
507 906 634 941 forsan
670 897 913 951 potissimum
947 905 1189 940 characteres
1227 905 1383 949 referat,
1419 909 1458 940 at
1483 906 1602 941 multo

60 962 185 1007 latior,
211 964 337 998 colore
374 964 532 1009 pulchre
570 963 949 1008 violaceo-purpureo
976 966 1015 997 et
1040 962 1148 1007 quasi
1174 962 1328 997 vernice
1358 962 1505 996 nitente
1538 964 1603 998 ob-

59 1020 184 1054 ducta.
235 1020 456 1055 Substantia
492 1032 639 1065 quoque
677 1021 798 1066 magis
836 1021 1061 1067 gelatinosa.
1096 1041 1137 1045 —
1162 1019 1299 1055 Utrum
1338 1019 1401 1054 Gr.
1439 1023 1602 1055 cuneata

59 1077 239 1122 Menegh.
268 1078 426 1112 eandem
455 1078 623 1123 speciem
651 1089 697 1111 an
723 1077 914 1112 diversam
947 1077 1084 1112 sistere
1111 1077 1218 1121 velit,
1244 1077 1338 1112 mihi
1363 1089 1438 1112 non
1467 1076 1601 1121 liquet.

59 1133 122 1167 Gr.
151 1133 347 1168 Cosentini
373 1135 452 1169 vidi
479 1135 616 1169 eximie
642 1134 846 1179 nitentem,
866 1135 991 1170 colore
1011 1135 1495 1180 amethystino-purpurea‚
1517 1136 1602 1170 sub-

60 1190 202 1225 stantia
226 1190 335 1225 firma
372 1192 860 1238 gelatinoso-cartilaginea
897 1192 1038 1227 chartae
1077 1192 1178 1227 haud
1215 1192 1488 1227 adhaerentem.
1538 1191 1602 1226 Gr.

59 1250 256 1282 cuneatam
282 1260 372 1284 vero
398 1249 500 1284 omni
518 1249 644 1285 nitore
663 1252 875 1294 expertem,
895 1250 1020 1284 colore
1040 1249 1369 1295 fusco-purpureo,
1389 1248 1604 1284 substantia

57 1304 231 1339 tenuiore
257 1306 472 1351 gelatinosa
496 1307 638 1341 chartae
666 1310 770 1341 arcte
788 1307 1061 1341 adhaerentem.
1095 1306 1154 1341 Ex
1172 1306 1361 1350 iconibus,
1383 1317 1475 1350 quas
1495 1306 1603 1340 dedit

58 1362 225 1407 KUtzing
250 1363 343 1397 Tab.
370 1362 485 1408 Phyc.
511 1363 594 1398 Vol.
614 1363 734 1407 XVII,
755 1375 891 1408 nempe
923 1363 990 1398 Gr.
1025 1364 1214 1398 Cosentim
1239 1364 1310 1398 tab.
1337 1364 1392 1398 32.
1424 1363 1491 1398 Gr.
1512 1373 1602 1407 pro-

59 1420 107 1453 tei
130 1420 205 1454 tab.
235 1421 292 1465 33,
335 1421 401 1456 Gr.
428 1421 632 1455 scutellam
670 1421 740 1455 tab.
779 1421 836 1464 28,
874 1421 955 1455 fere
992 1421 1137 1455 nullam
1175 1433 1259 1455 cum
1298 1420 1361 1455 Gr.
1389 1419 1600 1463 Cosentini,

57 1476 207 1520 qualem
233 1477 331 1512 hanc
357 1489 377 1511 a
402 1478 574 1512 Martens
613 1477 782 1522 missam,
823 1477 870 1512 ad
909 1477 1104 1513 Cataniam
1143 1478 1281 1512 lectam
1318 1477 1410 1521 vidi,
1447 1476 1601 1512 omnino

56 1537 332 1580 congruentem
359 1546 456 1578 esse,
476 1534 568 1568 mihi
588 1534 775 1580 adparuit.
809 1535 916 1570 Grat.
942 1539 1097 1581 proteus
1129 1535 1293 1570 Zcmczrd.
1322 1534 1422 1569 Icon.
1449 1534 1599 1569 Adriat.

58 1591 127 1626 tab.
155 1585 355 1626 LXXXV
375 1592 511 1626 melius
539 1604 623 1626 cum
649 1592 917 1638 Kutzingianis
945 1593 1151 1629 convenire
1178 1593 1343 1628 videtur.

57 1728 129 1771 IV.
163 1729 455 1772 GRA'FELOUPIA
478 1730 640 1785 fronde
685 1730 1209 1773 carnoso-membranacea
1244 1731 1599 1784 purpureo-vire-

170 1802 304 1840 scente
335 1800 819 1853 decomposito-pz'mzata
850 1803 1033 1853 αηῃαςΐα
1067 1803 1105 1842 et
1125 1800 1294 1852 lineari,
1317 1801 1600 1854 cystocarfflz's

170 1868 215 1909 in
235 1869 477 1920 pinnarum
499 1872 628 1922 parte
658 1869 725 1911 hic
755 1869 845 1911 mie
875 1870 1132 1923 awreyatis.

60 1985 98 2024 7.
129 1984 205 2026 GR.
238 1997 415 2026 FILICINA
447 1984 609 2039 (Wulf
633 1986 679 2027 in
710 1983 864 2037 Jacqu.
890 1982 991 2026 Coll.
1015 1984 1108 2027 III
1114 1999 1161 2038 p.
1187 1986 1288 2042 157)
1309 1984 1463 2028 fronde
1484 2000 1598 2027 com-

170 2052 473 2106 presso-plana
512 2053 725 2106 pinnatim
765 2046 1059 2106 decomposita
1089 2058 1132 2095 et
1163 2067 1189 2095 a
1219 2054 1336 2095 disco
1376 2054 1596 2107 prolifera,

169 2121 312 2175 pinnis
344 2135 370 2162 a
401 2122 495 2163 basi
525 2121 768 2175 angustiori
797 2121 1037 2163 linearibus
1073 2122 1341 2173 acuminatis,
1382 2122 1596 2164 inferiori-

170 2189 249 2231 bus
280 2188 543 2243 longioribus
589 2190 841 2244 pinnulatis,
890 2190 1185 2243 superioribus
1232 2190 1595 2244 simpliciusculis,

169 2258 447 2312 cystocarpiis
478 2259 710 2312 pinnarum
744 2258 860 2301 disco
892 2259 1118 2300 immersis.
1149 2258 1198 2301 J.
1229 2259 1311 2312 Ay.
1347 2258 1418 2312 Sp.
1432 2273 1479 2312 p.
1506 2260 1596 2300 180.

171 2326 295 2369 Grev.
342 2327 439 2379 Azy.
488 2327 569 2369 ΒΓ.
618 2327 700 2369 ταῦ.
749 2329 812 2368 16.
860 2326 1001 2369 Ηανυ.
1044 2327 1175 2381 Phyc.
1207 2327 1290 2369 tab.
1325 2328 1417 2369 100.
1453 2327 1597 2369 Fac-us

157 2394 355 2449 filiclam
395 2394 525 2449 Wulf
552 2395 576 2435 l.
610 2409 641 2436 c.
672 2395 755 2437 tab.
791 2397 840 2436 15
861 2396 938 2450 figs.
974 2396 1010 2436 2.
1061 2398 1190 2436 Turn.
1225 2394 1342 2436 Hist.
1389 2395 1470 2436 tab.
1506 2396 1596 2436 150.

170 2462 277 2504 Hab.
310 2463 354 2503 in
384 2462 702 2505 mediterraneo
735 2468 776 2505 et
798 2463 1005 2505 atlantico
1028 2463 1234 2504 calidiore
1255 2476 1391 2516 usque
1413 2463 1468 2504 ad
1491 2462 1594 2517 Cap.

322 2533 358 2569 b.
393 2530 512 2584 Spei:
544 2531 587 2572 in
621 2532 792 2574 Oceano
825 2532 984 2574 Indico.

148 2621 314 2666 Species,
340 2625 382 2656 ut
407 2622 511 2656 illam
536 2622 727 2669 intelligo,
754 2636 828 2659 non
855 2636 987 2669 parum
1014 2623 1177 2657 varians.
1228 2621 1395 2656 Obvenit
1418 2621 1595 2657 nimirum

49 2679 244 2723 fihformis
269 2682 308 2713 et
334 2678 471 2712 eximie
499 2680 678 2726 elongata
702 2680 933 2724 rachideque
961 2680 1161 2715 admodum
1189 2678 1402 2713 subdivisa:
1435 2679 1593 2724 Gr.fili-

48 2735 187 2778 formis
214 2735 329 2770 Kane.
358 2736 428 2769 tab.
455 2736 570 2781 Phyc.
605 2737 683 2771 Vol.
713 2737 840 2771 XVII
862 2738 933 2772 tab.
961 2738 1003 2771 25
1013 2749 1020 2777 ;
1049 2737 1161 2771 latior
1185 2735 1340 2771 rachide
1363 2735 1594 2780 simpliciore

0 2792 3 2793 ⁷
58 2794 96 2826 et
120 2792 247 2837 pinnis
273 2792 732 2828 lanceolato-linearibus:
773 2794 839 2828 Gr.
864 2794 1022 2828 horrida
1049 2791 1165 2827 Kritz.
1194 2792 1217 2826 l.
1244 2802 1273 2826 c.
1302 2792 1372 2826 tab.
1399 2793 1454 2828 26.
1504 2793 1595 2839 Spe-

57 2848 131 2884 cies
159 2848 432 2895 Kutzingianas
465 2849 531 2884 Gr.
551 2850 700 2894 filicina
728 2850 750 2885 l.
778 2862 807 2885 c.
836 2851 905 2885 tab.
934 2852 990 2895 22,
1033 2850 1099 2885 Gr.
1138 2852 1374 2885 concatenata
1414 2849 1437 2884 l.
1464 2861 1493 2886 c.
1521 2852 1592 2887 tab.
