1757 3114
120 80 203 119 474
698 79 1000 120 DELESSERIEAE.
1296 81 1642 134 Neuroylossmn.

114 189 217 225 tione
244 190 446 236 ancipite);
472 191 516 225 N.
543 189 812 225 Binderianum
840 193 898 225 est
922 191 962 224 in
987 191 1120 226 fronde
1151 194 1338 229 adultiore
1369 193 1448 228 ferc
1475 194 1520 228 ad
1545 205 1641 228 mar—

112 247 222 291 gines
248 258 354 291 aeque
380 248 632 281 incrassatum
657 247 842 291 (sectione
871 248 1105 291 sublineari).
1140 249 1183 282 In
1209 251 1252 284 N.
1273 251 1493 296 platycarpo
1519 253 1640 285 trans-

112 315 220 338 verse
248 308 350 339 secto
376 304 522 338 cellulae
548 303 693 338 intimae
721 308 758 338 et
784 304 994 338 exteriores
1022 308 1109 338 sunt
1134 305 1213 339 fere
1239 318 1344 350 aeque
1369 308 1506 352 longae,
1526 318 1641 352 angu-

111 360 441 401 lato-subcubicae;
479 371 561 404 quae
588 361 724 394 seriem
748 361 921 395 intimam
947 361 1186 395 constituunt.
1211 364 1257 397 ab
1284 364 1538 398 exterioribus
1577 363 1641 398 Vix

113 416 273 452 diversae
301 421 401 451 sunt.
435 417 478 450 In
496 417 541 451 N.
560 417 789 451 Binderiano
816 421 904 452 sunt
930 418 1077 451 cellulae
1103 418 1248 453 intimae
1274 420 1353 454 fere
1379 421 1523 456 ambitu
1541 424 1642 454 rect—

112 474 325 519 angulares,
351 472 542 518 longiores
570 485 679 517 quam
705 475 805 517 latae,
833 474 912 508 fere
932 474 1053 509 tribus
1075 476 1243 509 seriebus
1271 476 1486 521 dispositae:
1514 477 1641 522 singu-

109 526 160 564 lis
186 530 244 564 his
271 530 506 574 respondent
531 530 628 565 binae
656 531 886 571 exteriores3
914 543 986 575 qua
1004 532 1252 576 dispositione
1272 536 1310 567 et
1329 534 1641 577 transyersaliter

112 589 151 620 et
175 586 509 631 longitudinaliter
535 588 750 630 subeadem,
778 587 949 631 sequitur
977 589 1132 623 cellulas
1159 590 1367 624 exteriores
1387 591 1640 634 quaternatim

107 644 258 688 junctas
286 655 307 677 a
332 643 530 689 superficie
557 645 756 689 adparere:
781 645 885 679 inter
911 638 1066 679 cellulas
1086 646 1288 681 interiores
1309 647 1455 682 cellulae
1474 648 1638 682 minores

110 700 381 734 interstitiales
408 712 553 744 quoque
581 701 730 735 adsunt.
780 701 969 735 Caeterum
996 714 1141 745 quoque
1168 703 1338 746 quaedam
1363 703 1506 737 fructus
1534 704 1638 738 diffe—

111 757 248 792 rentia.
300 757 381 792 Sori
406 758 447 792 in
471 759 515 793 N.
542 759 762 803 platycarpo
790 762 878 792 sunt
904 770 1004 803 saepe
1037 759 1075 793 in
1112 760 1252 804 phyllis
1290 760 1445 794 minutis
1484 761 1640 805 evoluti,

112 814 211 858 quod
235 814 275 847 in
299 814 344 849 N.
371 814 598 849 Binderiano
624 815 790 849 nondum
816 815 909 857 vidi:
944 815 984 848 in
1009 816 1053 849 N.
1086 816 1306 861 platycarpo
1333 828 1422 851 vero
1448 817 1559 851 etiam
1584 817 1639 851 in-

111 874 171 905 tra
194 871 406 917 marginem
432 872 649 916 obveniant,
687 875 725 906 at
763 884 868 907 sorus
906 873 1116 917 angustior,
1154 874 1241 908 dum
1278 875 1317 908 in
1341 875 1386 909 N.
1412 875 1640 910 Binderiano

112 927 189 962 sori
215 931 303 961 sunt
330 929 530 963 admodum
566 929 635 963 lati
672 932 710 963 et
746 929 824 963 fere
863 933 981 964 totam
1018 934 1164 974 partem
1204 931 1432 965 exteriorem
1457 935 1642 976 occupant

112 987 221 1018 extra
245 984 406 1018 mediam
431 988 578 1030 partem
603 986 850 1020 incrassatam
887 987 1081 1020 costalem.
1132 987 1306 1021 Coccidia
1330 987 1369 1021 in
1394 988 1438 1022 N.
1465 988 1639 1021 Binderi-

111 1051 181 1074 ano
207 1039 314 1083 quasi
338 1039 516 1076 immersa
541 1045 579 1076 et
602 1042 680 1076 fere
706 1043 885 1086 utrinque
912 1054 1017 1087 aeque
1042 1043 1271 1087 prominula3
1298 1044 1338 1078 in
1355 1045 1399 1078 N.
1419 1045 1638 1089 platycarpo

110 1096 333 1132 rotundiora
358 1100 466 1132 extra
490 1110 603 1132 unam
627 1098 804 1144 paginam
832 1100 1062 1133 subemersa.
1098 1100 1286 1134 Caeterum
1305 1101 1349 1135 N.
1368 1100 1638 1136 Binderianum

109 1154 230 1199 magis
258 1166 456 1190 carnosum
483 1157 708 1200 substantia,
735 1157 812 1191 Nit.
844 1157 1106 1202 platycarpum
1142 1157 1262 1202 magis
1299 1159 1637 1193 membranaceum.

109 1211 207 1246 Hinc
234 1213 441 1258 specimina
465 1214 726 1260 Neuroglossi,
753 1225 835 1257 quae
862 1213 940 1248 vidi
978 1214 1115 1258 omnia,
1154 1218 1243 1249 sunt
1273 1215 1376 1249 vario
1402 1216 1509 1250 modo
1535 1216 1638 1261 laesa,

109 1271 283 1316 margine
310 1271 482 1306 tenuiore
509 1284 609 1317 saepe
636 1273 850 1317 deperdito,
877 1273 976 1316 quod
1014 1284 1161 1317 quoque
1186 1274 1226 1308 in
1253 1285 1364 1308 causa
1399 1274 1484 1318 fuit,
1523 1286 1637 1318 quare

108 1327 316 1372 specimina
339 1328 450 1363 undis
473 1328 615 1373 jactata
639 1330 684 1364 N.
712 1330 923 1374 platycarpi
948 1330 1076 1364 formae
1104 1330 1250 1365 facilius
1278 1331 1580 1367 considerantur.

580 1446 747 1500 Species
778 1447 993 1501 affinitate
1024 1448 1166 1490 dubia.

109 1551 146 1590 2.
180 1549 256 1591 N?
288 1550 646 1591 ANDERSONIANUM
676 1549 744 1603 (J.
776 1549 855 1603 Ay.
887 1552 1032 1606 mser.)
1078 1551 1200 1592 caule
1234 1585 1240 1592 .
1275 1586 1282 1593 .
1316 1585 1323 1592 .
1357 1585 1365 1592 .
1396 1554 1522 1592 costae
1568 1553 1632 1594 in-

222 1618 407 1660 definitae
438 1618 493 1659 ad
532 1618 669 1659 instar
706 1619 978 1671 perobscurae
1010 1622 1051 1659 et
1081 1618 1170 1660 fere
1201 1620 1269 1661 vix
1300 1620 1536 1672 conspicuae
1558 1634 1634 1673 per

221 1686 447 1727 inferiores
498 1685 678 1727 lacinias
724 1687 995 1737 continuatae,
1042 1686 1193 1728 fronde
1238 1687 1369 1740 plana
1412 1687 1564 1729 lineari
1609 1702 1634 1729 a

222 1754 416 1806 margine
447 1753 657 1807 pinnatim
688 1754 906 1804 laciniata,
939 1755 1105 1795 laciniis
1138 1756 1232 1796 basi
1264 1756 1497 1797 attenuatis
1527 1756 1632 1797 line-

221 1822 368 1863 aribus
400 1822 625 1875 conspicue
657 1823 845 1870 serratis,
885 1824 1178 1876 superioribus
1209 1823 1343 1865 multo
1376 1825 1631 1878 angustiori-

221 1891 301 1932 bus
332 1890 578 1941 fructiferis,
611 1906 756 1932 sorum
787 1892 901 1932 intra
931 1893 1170 1946 marginem
1201 1897 1414 1947 serratum
1442 1894 1485 1934 in
1508 1908 1631 1947 supe-

220 1959 334 1999 riore
366 1962 489 2011 parte
521 1973 757 2012 expansum
788 1960 1025 2000 solitarium
1058 1960 1311 2001 foventibus.

221 2026 331 2068 Hab.
363 2027 418 2068 ad
451 2026 583 2068 Santa
614 2026 724 2068 Cruz
758 2026 1000 2069 Californiae
1034 2028 1136 2081 legit
1157 2028 1232 2068 D:r
1254 2026 1296 2068 C.
1318 2027 1363 2070 L.
1386 2028 1629 2072 Anderson!

198 2117 359 2151 Habitus
386 2128 406 2150 a
429 2117 555 2162 priore
583 2117 706 2162 specie
733 2117 845 2162 longe
872 2117 1030 2161 alienus,
1058 2117 1221 2162 speciem
1247 2130 1330 2152 cum
1360 2119 1632 2168 Mei-istotheca

108 2175 290 2219 papulosa
314 2174 602 2219 congenericam
628 2175 788 2219 prodere
815 2175 961 2209 cuidam
991 2174 1117 2209 forsan
1144 2175 1350 2212 videretur.
1377 2180 1415 2210 at
1442 2180 1632 2212 structura

111 2234 149 2265 et
172 2231 317 2265 fructus
343 2231 542 2265 admodum
570 2230 726 2274 diversi,
753 2233 791 2264 et
817 2231 847 2265 si
875 2231 919 2264 de
957 2230 1151 2275 affinitate,
1190 2232 1333 2277 ignotis
1371 2234 1630 2279 cystocarpiis‚

110 2292 278 2324 statuere
297 2289 423 2333 liceat,
441 2288 671 2333 Nitophyllis
691 2289 870 2323 affinitate
889 2289 1058 2333 proxima
1078 2290 1221 2334 species
1241 2290 1446 2326 videretur.
1481 2292 1630 2327 Fronde

109 2348 327 2380 transverse
355 2349 459 2381 secta
483 2349 640 2391 apparet
664 2349 747 2380 tota
771 2346 962 2380 cellulosa.
997 2346 1103 2380 Inter
1127 2346 1318 2392 margines
1336 2347 1480 2382 frondis
1500 2352 1631 2383 exten-

110 2403 213 2437 ditur
238 2402 349 2437 uniea
373 2403 593 2437 cellularum
631 2402 747 2437 series
785 2402 868 2435 aliis
906 2402 1081 2446 utrinque
1120 2403 1254 2437 cincta.
1304 2404 1458 2438 Cellulae
1496 2405 1629 2440 mediae

111 2461 466 2505 subrectangulares
494 2460 678 2504 adparent
703 2460 917 2494 rotundatis
944 2460 1136 2504 paulisper
1161 2461 1327 2505 angulis:
1364 2461 1423 2495 his
1449 2462 1630 2506 proximae

111 2519 319 2559 sequuntur
344 2517 491 2550 cellulae
519 2515 672 2550 circiter
697 2515 811 2560 duplo
829 2515 1005 2559 minores,
1024 2516 1157 2550 mediis
1176 2529 1250 2551 non
1269 2528 1287 2550 e
1305 2516 1460 2562 regione
1478 2518 1630 2561 positae3

110 2573 287 2616 utrinque
315 2572 403 2606 dein
429 2571 700 2617 superficiales,
727 2583 808 2616 quae
835 2571 1000 2606 sectione
1027 2572 1273 2606 transversali
1298 2572 1377 2606 fere
1402 2573 1542 2607 cubicae
1568 2574 1630 2608 ad-

110 2632 259 2673 parent,
287 2628 539 2663 endochroma
563 2629 769 2663 coloratum
794 2628 978 2672 foventes,
1015 2628 1260 2663 interioribus
1297 2629 1351 2663 ita
1384 2629 1561 2674 minores,
1589 2634 1632 2665 ut

112 2684 371 2728 superficiales
397 2685 526 2729 plures
556 2685 716 2729 singulis
743 2684 986 2719 interioribus
1013 2688 1304 2729 anteponantur.
1337 2686 1415 2719 Hac
1441 2689 1631 2722 structura

111 2740 254 2784 species
273 2753 294 2774 a
309 2741 540 2786 Nitophyllis
556 2761 597 2765 —
611 2741 703 2775 alias
722 2741 980 2776 consimilibus
997 2762 1038 2766 —
1056 2742 1222 2784 abludit;
1241 2753 1262 2775 a
1276 2742 1473 2786 superficie
1492 2744 1630 2778 exami-

112 2800 201 2831 nata
224 2797 327 2832 frons
354 2800 396 2832 ut
419 2797 459 2832 in
484 2797 718 2843 Nitophyllis
754 2798 902 2833 inferne
939 2798 1116 2841 areolata,
1156 2809 1316 2843 superne
1353 2809 1442 2833 vero
1479 2800 1627 2837 cellulis
