1757 3114
100 114 182 156 320
657 113 1041 156 RHoDYMnNIAcnAE.
1310 111 1630 168 Chrysymenia.

215 228 482 270 brevioribus
514 240 540 268 a
561 227 655 269 basi
683 227 837 270 latiore
859 228 1054 282 oblongis
1076 227 1252 280 obtusis,
1270 227 1514 282 junioribus
1536 227 1631 268 sinu

213 297 446 338 rotundato
479 296 690 350 discretis,
722 296 1009 338 adultioribus
1041 296 1366 350 adproximatis.

364 365 430 406 Ad
461 365 683 408 Floridam
713 366 818 420 legit
849 365 988 407 Cosm.
1020 365 1201 407 Melvill!

194 446 397 481 Fructibus
423 446 566 492 ignotis
594 450 632 481 et
658 447 703 482 de
730 448 812 482 loco
847 447 950 480 inter
988 446 1278 491 Chrysyinenias
1316 448 1429 482 dubia
1464 450 1632 491 manent,

102 506 140 537 et
164 503 287 548 ipsum
314 504 439 538 Genus
466 504 593 539 forsan
618 517 693 538 non
719 504 871 539 omnino
898 508 1043 538 certum
1069 507 1280 538 censeatur.
1317 504 1453 539 Planta
1478 504 1631 538 videtur

101 560 300 594 admodum
326 560 552 605 gelatinosa,
578 562 691 606 plana
716 565 754 596 at
780 561 1044 601 crassiuscula,
1082 562 1207 596 colore
1246 561 1445 596 exsiecatae
1478 561 1518 595 in
1543 561 1632 595 viri-

101 616 185 650 dem
211 616 408 651 tendente.

100 711 136 752 3.
169 709 301 752 Gna?
332 723 601 752 APICULIFERA
632 710 699 765 (J.
733 710 814 764 Ay.
844 713 991 767 mser.)
1037 710 1189 752 fronde
1236 711 1630 764 gelatinoso-mem-

213 779 429 821 branacea
473 779 605 833 plana
650 779 936 821 crassiuscula
981 779 1119 821 sessili
1164 780 1209 820 111
1247 779 1395 821 orbem
1442 792 1631 832 expansa

210 847 422 899 profunde
468 847 749 901 palmatifida,
797 848 962 889 laciniis
1009 862 1142 902 supra
1186 848 1432 890 inferiorem
1464 852 1631 901 partem

210 915 418 956 linearem
450 930 548 958 mox
580 916 785 967 cuneatis,
819 916 967 957 eodeni
998 916 1125 958 modo
1148 916 1391 969 subdivisis,
1413 916 1523 958 lobis
1545 920 1631 956 ter-

212 984 444 1026 minalibus
477 985 628 1027 obtuse
661 983 883 1026 multifidis
923 984 1266 1038 rotundatisque,
1298 984 1575 1026 inferioribus
1608 998 1634 1025 a

213 1053 329 1095 disco
362 1057 405 1095 et
435 1055 630 1107 margine
661 1054 947 1107 processubus
980 1053 1271 1108 rigidiusculis
1318 1053 1628 1103 subuncinatiS,

210 1121 409 1175 plurimis
441 1123 731 1174 verticalibus,
764 1123 998 1165 instructis.
1043 1123 1338 1178 Nitoplcyllum
1369 1123 1630 1173 variolosmn.

213 1192 351 1235 Ham).
387 1193 458 1236 Fl.
496 1194 601 1236 Noa.
636 1193 722 1235 Zel.
745 1207 792 1246 p.
825 1193 967 1234 ⁴241?‘?

265 1274 375 1316 Hab.
406 1275 450 1315 in
480 1274 627 1328 Lyalls
659 1275 742 1329 bay
773 1273 902 1316 Novae
933 1273 1159 1326 Zelandiae,
1191 1273 1431 1329 Berggren!

187 1366 324 1401 Forma
348 1366 441 1400 mihi
467 1378 576 1409 nova,
605 1366 913 1401 distinctissima!
941 1367 1113 1401 Frondes
1139 1366 1281 1411 lapillis
1306 1367 1462 1401 minutis
1481 1367 1629 1410 adfixae,

95 1423 286 1459 mediante
312 1425 410 1459 callo
435 1424 593 1459 radicali
620 1424 683 1458 vix
709 1425 926 1469 conspicuo,
954 1424 1131 1469 caespites
1158 1424 1274 1459 dense
1297 1424 1450 1459 foliosos
1468 1424 1629 1459 forman-

96 1485 168 1525 tes,
194 1482 234 1515 in
259 1482 388 1516 orbem
414 1481 492 1516 fere
519 1493 710 1526 expansae,
738 1482 875 1527 saepius
903 1482 1227 1526 2—3-pollicares,
1251 1482 1436 1526 profunde
1456 1482 1630 1527 palmati-

96 1538 196 1583 fidae,
222 1538 361 1572 lacinia
386 1550 461 1572 una
487 1550 600 1584 supra
626 1540 784 1573 alteram
815 1540 1074 1583 incumbente,
1107 1540 1205 1574 unde
1232 1540 1335 1574 frons
1364 1561 1404 1564 —
1431 1540 1537 1584 quasi
1562 1539 1629 1574 im-

94 1595 432 1630 bricato-rosulata
459 1617 498 1621 -
525 1596 666 1639 phyllis
695 1597 889 1641 parallelis
916 1596 1090 1641 plurimis
1117 1600 1291 1632 constare
1310 1596 1472 1631 videtur.
1521 1597 1628 1631 Laci-

98 1652 170 1687 11166
199 1664 313 1698 supra
337 1654 468 1687 basem
492 1653 849 1688 lineari-cuneatam
875 1655 1062 1698 dilatatae,
1088 1658 1126 1689 et
1144 1666 1165 1689 a
1182 1654 1400 1700 peripheria
1424 1656 1630 1690 rotundata

98 1711 242 1755 incisae,
269 1712 600 1756 subpalmatifidae,
626 1712 801 1746 lacinulis
829 1713 959 1747 eodem
985 1713 1094 1748 modo
1113 1713 1346 1757 compositis,
1366 1724 1465 1747 nunc
1484 1724 1629 1757 quoque

97 1779 117 1801 a
142 1768 314 1814 margine
339 1768 488 1803 laciniae
515 1769 669 1813 majoris
695 1769 1022 1813 provenientibus.
1074 1769 1313 1804 Laciniarun]
1338 1770 1521 1814 majorum
1546 1781 1632 1815 pars

96 1824 267 1869 inferior,
294 1837 394 1860 nunc
419 1825 539 1871 magis
566 1825 748 1860 distincta
774 1829 812 1860 et
847 1827 1025 1871 elongata
1062 1838 1179 1870 usque
1216 1838 1380 1872 unguem
1416 1827 1507 1871 lata,
1533 1838 1633 1861 nunc

96 1892 227 1926 parum
254 1881 457 1926 conspicua
482 1885 520 1916 et
545 1882 623 1916 fere
658 1882 905 1916 iminediatim
944 1882 1116 1927 dilatata,
1153 1883 1405 1927 processubus
1442 1883 1631 1918 instructa

96 1939 296 1973 admodum
323 1939 536 1984 conspicuis
569 1940 762 1985 praecipue
789 1952 809 1974 a
835 1941 952 1984 disco,
989 1951 1089 1974 nunc
1126 1952 1272 1984 quoque
1299 1951 1317 1973 a
1343 1940 1528 1986 margine,
1553 1940 1632 1974 fere

96 1996 332 2030 verticaliter
359 1996 586 2031 exeuntibus
613 1997 813 2040 subulatis,
838 2008 937 2031 nunc
962 1996 1150 2031 uncinatis
1178 2000 1242 2031 aut
1267 2008 1428 2042 superne
1448 1998 1631 2042 dilatatis,

96 2053 373 2098 rigidiusculis,
400 2054 636 2088 semilineam
661 2055 742 2089 fere
769 2055 908 2100 longis.
957 2055 1000 2088 In
1026 2054 1246 2099 caespitibus
1273 2056 1452 2090 rosulatis
1484 2056 1630 2090 laciniae

97 2121 198 2155 saepe
224 2110 362 2145 leviter
387 2110 569 2146 involutae
597 2114 635 2146 et
665 2111 920 2146 mediantibus
957 2113 1209 2155 processubus
1237 2133 1277 2137 —
1302 2124 1401 2147 nunc
1437 2113 1629 2158 praecipue

96 2167 327 2202 exteriorem
352 2168 543 2213 paginam,
581 2180 680 2202 nunc
718 2171 916 2212 utramque
954 2169 1226 2213 occupantibus
1252 2190 1294 2193 —
1319 2170 1485 2205 invicem
1509 2170 1629 2205 conti-

94 2227 235 2258 nentur
262 2227 299 2258 et
325 2224 452 2259 forsan
483 2225 622 2260 leviter
661 2224 987 2270 conglutinantur,
1026 2237 1099 2259 una
1136 2228 1262 2260 tamen
1300 2238 1381 2260 cum
1421 2227 1541 2262 altera
1566 2227 1629 2261 vix

95 2284 381 2315 concrescente.
432 2281 653 2316 Substantia
678 2281 824 2316 frondis
854 2281 990 2315 eximie
1016 2283 1231 2326 gelatinosa
1256 2286 1294 2317 et
1311 2283 1467 2318 lubrica.
1519 2283 1629 2318 Color

96 2348 115 2370 e
142 2338 317 2373 coccineo
343 2342 407 2373 aut
431 2350 540 2374 roseo
565 2339 604 2373 in
630 2339 886 2374 virescentem
911 2338 1058 2373 facilius
1077 2342 1260 2374 mutatus.
1294 2340 1403 2375 Licet
1422 2340 1629 2385 specimina

94 2395 257 2439 plurima
282 2395 456 2440 viderim,
483 2396 588 2430 nulla
613 2395 860 2441 cystocarpiis
885 2395 1075 2430 instructa
1098 2397 1301 2431 observare
1327 2398 1502 2442 contigit.

184 2452 306 2487 Frons
333 2452 500 2487 dissecta
526 2453 657 2487 stratis
685 2453 828 2488 duobus
855 2455 1034 2487 contexta
1059 2453 1230 2488 videtur:
1257 2453 1440 2489 interiore
1477 2454 1625 2488 cellulis

95 2507 314 2552 majoribus,
342 2509 596 2544 endochroma
621 2521 839 2554 grumosum
867 2512 905 2543 et
923 2509 1132 2554 collapsum
1151 2510 1450 2554 continentibus,
1469 2511 1625 2555 parieti-

93 2564 163 2598 bus
189 2565 412 2609 gelatinosis
439 2569 477 2599 et
503 2566 691 2609 dilatatis;
720 2568 881 2600 stratum
915 2565 1095 2600 corticale
1127 2566 1274 2600 cellulis
1305 2567 1514 2602 minoribus
1541 2569 1625 2603 sub—

95 2622 285 2657 coloratis.
313 2623 562 2660 interioribus
588 2624 763 2670 oblongis
790 2636 874 2658 cum
899 2623 1038 2668 pagina
1063 2624 1208 2659 frondis
1241 2625 1447 2668 parallelis,
1486 2625 1624 2660 exteri-

94 2678 221 2713 oribus
247 2679 326 2713 fere
352 2679 463 2714 unica
487 2681 585 2714 serie
611 2680 806 2726 dispositis
834 2679 1085 2725 subglobosis.
1134 2681 1178 2715 In
1203 2681 1335 2725 planta
1353 2681 1624 2726 sphaerospori-

93 2733 174 2767 fera
199 2738 362 2770 stratum
387 2737 567 2771 corticale
591 2737 785 2782 paulisper
809 2739 1012 2778 mutatum3
1039 2738 1188 2772 cellulae
1215 2737 1424 2772 exteriores
1457 2738 1623 2772 minores

97 2793 135 2823 et
162 2791 399 2836 subseriatae,
425 2792 672 2828 interioribus
700 2794 982 2838 sphaerosporas
1018 2794 1182 2828 minutas
1219 2793 1623 2839 rotundato-oblongas

94 2847 291 2882 cruciatim
317 2849 458 2886 divisas
485 2850 783 2888 continentibus.
818 2850 1098 2897 Sphaerosporae
1125 2851 1164 2886 in
1190 2851 1338 2886 laciniis
1366 2849 1621 2895 superioribus
