<?xml version="1.0" encoding="UTF-8"?>
<!DOCTYPE html PUBLIC "-//W3C//DTD XHTML 1.0 Transitional//EN"
    "http://www.w3.org/TR/xhtml1/DTD/xhtml1-transitional.dtd">
<html xmlns="http://www.w3.org/1999/xhtml" xml:lang="en" lang="en">
 <head>
  <title>
</title>
<meta http-equiv="Content-Type" content="text/html;charset=utf-8" />
  <meta name='ocr-system' content='tesseract 3.04.00' />
  <meta name='ocr-capabilities' content='ocr_page ocr_carea ocr_par ocr_line ocrx_word'/>
</head>
<body>
  <div class='ocr_page' id='page_1' title='image "./speciesgeneraeto0301agar_0550.png"; bbox 0 0 1757 3114; ppageno 0'>
   <div class='ocr_carea' id='block_1_1' title="bbox 148 136 1674 180">
    <p class='ocr_par' dir='ltr' id='par_1_1' title="bbox 148 136 1674 180">
     <span class='ocr_line' id='line_1_1' title="bbox 148 136 1674 180; baseline 0.001 -2"><span class='ocrx_word' id='word_1_1' title='bbox 148 138 228 178; x_wconf 75' lang='lat'>534</span> <span class='ocrx_word' id='word_1_2' title='bbox 757 136 1058 178; x_wconf 74' lang='lat' dir='ltr'>CHAE&#39;rANGIEAE.</span> <span class='ocrx_word' id='word_1_3' title='bbox 1385 136 1674 180; x_wconf 73' lang='lat' dir='ltr'>Zanardim&#39;a.</span> 
     </span>
    </p>
   </div>
   <div class='ocr_carea' id='block_1_2' title="bbox 145 248 1679 782">
    <p class='ocr_par' dir='ltr' id='par_1_2' title="bbox 145 248 1676 577">
     <span class='ocr_line' id='line_1_2' title="bbox 145 248 1675 304; baseline 0.001 -14"><span class='ocrx_word' id='word_1_4' title='bbox 145 254 228 301; x_wconf 90' lang='lat' dir='ltr'>tur,</span> <span class='ocrx_word' id='word_1_5' title='bbox 261 251 422 304; x_wconf 89' lang='lat' dir='ltr'>species</span> <span class='ocrx_word' id='word_1_6' title='bbox 453 251 656 304; x_wconf 81' lang='lat' dir='ltr'>analogas</span> <span class='ocrx_word' id='word_1_7' title='bbox 695 251 838 304; x_wconf 86' lang='lat' dir='ltr'>potius</span> <span class='ocrx_word' id='word_1_8' title='bbox 877 263 1008 303; x_wconf 79' lang='lat' dir='ltr'>quam</span> <span class='ocrx_word' id='word_1_9' title='bbox 1039 248 1184 290; x_wconf 82' lang='lat' dir='ltr'>affines</span> <span class='ocrx_word' id='word_1_10' title='bbox 1223 262 1307 290; x_wconf 88' lang='lat' dir='ltr'>non</span> <span class='ocrx_word' id='word_1_11' title='bbox 1337 254 1507 292; x_wconf 88' lang='lat' dir='ltr'>tantum</span> <span class='ocrx_word' id='word_1_12' title='bbox 1537 250 1582 291; x_wconf 88' lang='lat' dir='ltr'>in</span> <span class='ocrx_word' id='word_1_13' title='bbox 1612 250 1675 291; x_wconf 89' lang='lat' dir='ltr'>di-</span> 
     </span>
     <span class='ocr_line' id='line_1_3' title="bbox 147 317 1675 369; baseline 0.001 -10"><span class='ocrx_word' id='word_1_14' title='bbox 147 332 269 360; x_wconf 90' lang='lat' dir='ltr'>versa</span> <span class='ocrx_word' id='word_1_15' title='bbox 299 319 481 369; x_wconf 79' lang='lat' dir='ltr'>Genera,</span> <span class='ocrx_word' id='word_1_16' title='bbox 515 318 588 359; x_wconf 86' lang='lat' dir='ltr'>sed</span> <span class='ocrx_word' id='word_1_17' title='bbox 620 319 748 359; x_wconf 88' lang='lat' dir='ltr'>etiam</span> <span class='ocrx_word' id='word_1_18' title='bbox 778 318 821 359; x_wconf 90' lang='lat' dir='ltr'>in</span> <span class='ocrx_word' id='word_1_19' title='bbox 853 317 1042 358; x_wconf 83' lang='lat' dir='ltr'>diversas</span> <span class='ocrx_word' id='word_1_20' title='bbox 1074 317 1258 359; x_wconf 80' lang='lat' dir='ltr'>familias</span> <span class='ocrx_word' id='word_1_21' title='bbox 1292 332 1384 360; x_wconf 88' lang='lat' dir='ltr'>esse</span> <span class='ocrx_word' id='word_1_22' title='bbox 1415 319 1675 360; x_wconf 86' lang='lat' dir='ltr'>referendas.</span> 
     </span>
     <span class='ocr_line' id='line_1_4' title="bbox 147 384 1676 433; baseline 0 -6"><span class='ocrx_word' id='word_1_23' title='bbox 147 386 310 427; x_wconf 79' lang='lat' dir='ltr'>Praeter</span> <span class='ocrx_word' id='word_1_24' title='bbox 355 386 466 426; x_wconf 90' lang='lat' dir='ltr'>hanc</span> <span class='ocrx_word' id='word_1_25' title='bbox 511 384 798 427; x_wconf 76' lang='lat' dir='ltr'>differentiam</span> <span class='ocrx_word' id='word_1_26' title='bbox 830 386 1009 433; x_wconf 84' lang='lat' dir='ltr'>fructus,</span> <span class='ocrx_word' id='word_1_27' title='bbox 1056 389 1157 426; x_wconf 90' lang='lat' dir='ltr'>sunt</span> <span class='ocrx_word' id='word_1_28' title='bbox 1201 385 1295 427; x_wconf 84' lang='lat' dir='ltr'>aliae</span> <span class='ocrx_word' id='word_1_29' title='bbox 1340 387 1383 428; x_wconf 89' lang='lat' dir='ltr'>in</span> <span class='ocrx_word' id='word_1_30' title='bbox 1423 386 1676 429; x_wconf 88' lang='lat' dir='ltr'>evolutionis</span> 
     </span>
     <span class='ocr_line' id='line_1_5' title="bbox 147 453 1676 508; baseline 0.001 -13"><span class='ocrx_word' id='word_1_31' title='bbox 147 454 271 495; x_wconf 84' lang='lat' dir='ltr'>modo</span> <span class='ocrx_word' id='word_1_32' title='bbox 311 453 660 503; x_wconf 81' lang='lat' dir='ltr'>modificationes,</span> <span class='ocrx_word' id='word_1_33' title='bbox 701 468 796 508; x_wconf 75' lang='lat' dir='ltr'>quae</span> <span class='ocrx_word' id='word_1_34' title='bbox 829 468 905 495; x_wconf 89' lang='lat' dir='ltr'>nec</span> <span class='ocrx_word' id='word_1_35' title='bbox 937 457 1208 507; x_wconf 76' lang='lat' dir='ltr'>spernantur.</span> <span class='ocrx_word' id='word_1_36' title='bbox 1267 454 1329 496; x_wconf 92' lang='lat' dir='ltr'>De</span> <span class='ocrx_word' id='word_1_37' title='bbox 1360 455 1426 496; x_wconf 84' lang='lat' dir='ltr'>his</span> <span class='ocrx_word' id='word_1_38' title='bbox 1458 469 1557 497; x_wconf 89' lang='lat' dir='ltr'>vero</span> <span class='ocrx_word' id='word_1_39' title='bbox 1588 469 1676 497; x_wconf 91' lang='lat' dir='ltr'>om-</span> 
     </span>
     <span class='ocr_line' id='line_1_6' title="bbox 146 522 1205 577; baseline -0.001 -12"><span class='ocrx_word' id='word_1_40' title='bbox 146 524 272 566; x_wconf 91' lang='lat' dir='ltr'>nibus</span> <span class='ocrx_word' id='word_1_41' title='bbox 305 537 354 565; x_wconf 84' lang='lat' dir='ltr'>ea</span> <span class='ocrx_word' id='word_1_42' title='bbox 384 522 540 573; x_wconf 85' lang='lat' dir='ltr'>videas,</span> <span class='ocrx_word' id='word_1_43' title='bbox 574 538 668 577; x_wconf 85' lang='lat' dir='ltr'>quae</span> <span class='ocrx_word' id='word_1_44' title='bbox 701 524 753 565; x_wconf 82' lang='lat' dir='ltr'>(le</span> <span class='ocrx_word' id='word_1_45' title='bbox 785 524 1035 566; x_wconf 85' lang='lat' dir='ltr'>Galaxaura</span> <span class='ocrx_word' id='word_1_46' title='bbox 1066 523 1205 564; x_wconf 89' lang='lat' dir='ltr'>attuli.</span> 
     </span>
    </p>

    <p class='ocr_par' dir='ltr' id='par_1_3' title="bbox 147 591 1679 782">
     <span class='ocr_line' id='line_1_7' title="bbox 259 591 1679 646; baseline 0.001 -14"><span class='ocrx_word' id='word_1_47' title='bbox 259 591 589 645; x_wconf 84' lang='lat' dir='ltr'>Sphaerosporas</span> <span class='ocrx_word' id='word_1_48' title='bbox 619 593 663 632; x_wconf 90' lang='lat' dir='ltr'>in</span> <span class='ocrx_word' id='word_1_49' title='bbox 694 592 775 633; x_wconf 89' lang='lat' dir='ltr'>filis</span> <span class='ocrx_word' id='word_1_50' title='bbox 808 592 984 633; x_wconf 88' lang='lat' dir='ltr'>minutis</span> <span class='ocrx_word' id='word_1_51' title='bbox 1017 591 1442 646; x_wconf 81' lang='lat' dir='ltr'>glandulaeformibus</span> <span class='ocrx_word' id='word_1_52' title='bbox 1474 593 1679 634; x_wconf 86' lang='lat' dir='ltr'>obvenire</span> 
     </span>
     <span class='ocr_line' id='line_1_8' title="bbox 147 659 1678 714; baseline 0.002 -14"><span class='ocrx_word' id='word_1_53' title='bbox 147 660 300 701; x_wconf 76' lang='lat' dir='ltr'>statuit</span> <span class='ocrx_word' id='word_1_54' title='bbox 337 659 580 701; x_wconf 80' lang='lat' dir='ltr'>Zanardini.</span> <span class='ocrx_word' id='word_1_55' title='bbox 643 660 743 710; x_wconf 76' lang='lat' dir='ltr'>Quae</span> <span class='ocrx_word' id='word_1_56' title='bbox 790 674 889 701; x_wconf 85' lang='lat' dir='ltr'>vero</span> <span class='ocrx_word' id='word_1_57' title='bbox 935 674 990 700; x_wconf 89' lang='lat' dir='ltr'>an</span> <span class='ocrx_word' id='word_1_58' title='bbox 1035 674 1184 701; x_wconf 87' lang='lat' dir='ltr'>revera</span> <span class='ocrx_word' id='word_1_59' title='bbox 1229 660 1536 714; x_wconf 78' lang='lat' dir='ltr'>sphaerosporae</span> <span class='ocrx_word' id='word_1_60' title='bbox 1583 662 1678 713; x_wconf 84' lang='lat' dir='ltr'>sint,</span> 
     </span>
     <span class='ocr_line' id='line_1_9' title="bbox 148 727 1678 782; baseline 0.001 -14"><span class='ocrx_word' id='word_1_61' title='bbox 148 728 251 769; x_wconf 91' lang='lat' dir='ltr'>mihi</span> <span class='ocrx_word' id='word_1_62' title='bbox 282 727 459 769; x_wconf 87' lang='lat' dir='ltr'>dubium</span> <span class='ocrx_word' id='word_1_63' title='bbox 481 728 702 781; x_wconf 76' lang='lat' dir='ltr'>adparuit,</span> <span class='ocrx_word' id='word_1_64' title='bbox 727 733 774 770; x_wconf 90' lang='lat' dir='ltr'>ut</span> <span class='ocrx_word' id='word_1_65' title='bbox 795 728 874 770; x_wconf 82' lang='lat' dir='ltr'>hoc</span> <span class='ocrx_word' id='word_1_66' title='bbox 897 742 1068 782; x_wconf 86' lang='lat' dir='ltr'>quoque</span> <span class='ocrx_word' id='word_1_67' title='bbox 1092 728 1206 770; x_wconf 85' lang='lat' dir='ltr'>infra</span> <span class='ocrx_word' id='word_1_68' title='bbox 1227 729 1517 771; x_wconf 86' lang='lat' dir='ltr'>Galaxauram</span> <span class='ocrx_word' id='word_1_69' title='bbox 1540 730 1678 772; x_wconf 85' lang='lat' dir='ltr'>attuli.</span> 
     </span>
    </p>
   </div>
   <div class='ocr_carea' id='block_1_3' title="bbox 150 831 1683 1571">
    <p class='ocr_par' dir='ltr' id='par_1_4' title="bbox 150 831 1683 1571">
     <span class='ocr_line' id='line_1_10' title="bbox 150 831 1681 887; baseline 0.003 -16"><span class='ocrx_word' id='word_1_70' title='bbox 150 833 184 872; x_wconf 92' lang='grc'><strong>1.</strong></span> <span class='ocrx_word' id='word_1_71' title='bbox 216 831 259 872; x_wconf 90' lang='lat' dir='ltr'>Z.</span> <span class='ocrx_word' id='word_1_72' title='bbox 291 844 529 872; x_wconf 72' lang='lat' dir='ltr'>MARGINA&#39;J&#39;A</span> <span class='ocrx_word' id='word_1_73' title='bbox 568 831 766 885; x_wconf 75' lang='lat' dir='ltr'>(Solcmd.</span> <span class='ocrx_word' id='word_1_74' title='bbox 808 833 850 873; x_wconf 73' lang='lat' dir='ltr'>in</span> <span class='ocrx_word' id='word_1_75' title='bbox 887 831 1006 874; x_wconf 64' lang='lat' dir='ltr'>Ellis</span> <span class='ocrx_word' id='word_1_76' title='bbox 1027 846 1075 884; x_wconf 59' lang='grc' dir='ltr'>χο.</span> <span class='ocrx_word' id='word_1_77' title='bbox 1110 833 1210 887; x_wconf 79' lang='grc'><strong>115)</strong></span> <span class='ocrx_word' id='word_1_78' title='bbox 1257 833 1399 886; x_wconf 75' lang='lat' dir='ltr'>stipite</span> <span class='ocrx_word' id='word_1_79' title='bbox 1445 834 1681 876; x_wconf 86' lang='lat' dir='ltr'>incrassato</span> 
     </span>
     <span class='ocr_line' id='line_1_11' title="bbox 260 898 1680 955; baseline 0.004 -16"><span class='ocrx_word' id='word_1_80' title='bbox 260 899 387 940; x_wconf 84' lang='lat' dir='ltr'>tereti</span> <span class='ocrx_word' id='word_1_81' title='bbox 418 898 743 941; x_wconf 86' lang='lat' dir='ltr'>subdichotomo</span> <span class='ocrx_word' id='word_1_82' title='bbox 775 900 963 954; x_wconf 84' lang='lat' dir='ltr'>undique</span> <span class='ocrx_word' id='word_1_83' title='bbox 995 900 1156 951; x_wconf 84' lang='lat' dir='ltr'>villoso,</span> <span class='ocrx_word' id='word_1_84' title='bbox 1189 902 1320 943; x_wconf 89' lang='lat' dir='ltr'>ramis</span> <span class='ocrx_word' id='word_1_85' title='bbox 1350 916 1401 943; x_wconf 82' lang='lat' dir='ltr'>ex</span> <span class='ocrx_word' id='word_1_86' title='bbox 1423 903 1542 955; x_wconf 81' lang='lat' dir='ltr'>apice</span> <span class='ocrx_word' id='word_1_87' title='bbox 1563 903 1680 945; x_wconf 88' lang='lat' dir='ltr'>fron-</span> 
     </span>
     <span class='ocr_line' id='line_1_12' title="bbox 262 967 1679 1025; baseline 0.004 -16"><span class='ocrx_word' id='word_1_88' title='bbox 262 967 358 1009; x_wconf 87' lang='lat' dir='ltr'>dem</span> <span class='ocrx_word' id='word_1_89' title='bbox 388 967 564 1021; x_wconf 84' lang='lat' dir='ltr'>planam</span> <span class='ocrx_word' id='word_1_90' title='bbox 595 969 1128 1012; x_wconf 85' lang='lat' dir='ltr'>dichotomo-flabellatam</span> <span class='ocrx_word' id='word_1_91' title='bbox 1157 971 1464 1023; x_wconf 79' lang='lat' dir='ltr'>exserentibus,</span> <span class='ocrx_word' id='word_1_92' title='bbox 1488 986 1679 1025; x_wconf 89' lang='lat' dir='ltr'>segmen-</span> 
     </span>
     <span class='ocr_line' id='line_1_13' title="bbox 261 1036 1680 1094; baseline 0.004 -17"><span class='ocrx_word' id='word_1_93' title='bbox 261 1036 316 1077; x_wconf 89' lang='lat' dir='ltr'>tis</span> <span class='ocrx_word' id='word_1_94' title='bbox 348 1049 481 1089; x_wconf 86' lang='lat' dir='ltr'>supra</span> <span class='ocrx_word' id='word_1_95' title='bbox 512 1037 665 1079; x_wconf 84' lang='lat' dir='ltr'>axillas</span> <span class='ocrx_word' id='word_1_96' title='bbox 697 1038 985 1080; x_wconf 85' lang='lat' dir='ltr'>acutiusculas</span> <span class='ocrx_word' id='word_1_97' title='bbox 1018 1044 1094 1080; x_wconf 89' lang='lat' dir='ltr'>aut</span> <span class='ocrx_word' id='word_1_98' title='bbox 1125 1039 1463 1081; x_wconf 86' lang='lat' dir='ltr'>subrotundatas</span> <span class='ocrx_word' id='word_1_99' title='bbox 1495 1041 1680 1094; x_wconf 85' lang='lat' dir='ltr'>patenti-</span> 
     </span>
     <span class='ocr_line' id='line_1_14' title="bbox 260 1104 1681 1162; baseline 0.003 -16"><span class='ocrx_word' id='word_1_100' title='bbox 260 1105 341 1147; x_wconf 90' lang='lat' dir='ltr'>bus</span> <span class='ocrx_word' id='word_1_101' title='bbox 372 1104 622 1157; x_wconf 85' lang='lat' dir='ltr'>linearibus,</span> <span class='ocrx_word' id='word_1_102' title='bbox 655 1106 914 1159; x_wconf 85' lang='lat' dir='ltr'>adparenter</span> <span class='ocrx_word' id='word_1_103' title='bbox 952 1106 1128 1160; x_wconf 81' lang='lat' dir='ltr'>glabris,</span> <span class='ocrx_word' id='word_1_104' title='bbox 1172 1106 1396 1160; x_wconf 87' lang='lat' dir='ltr'>superficie</span> <span class='ocrx_word' id='word_1_105' title='bbox 1428 1108 1681 1162; x_wconf 81' lang='lat' dir='ltr'>juvenilium</span> 
     </span>
     <span class='ocr_line' id='line_1_15' title="bbox 261 1172 1682 1228; baseline 0.002 -14"><span class='ocrx_word' id='word_1_106' title='bbox 261 1173 345 1215; x_wconf 85' lang='lat' dir='ltr'>filis</span> <span class='ocrx_word' id='word_1_107' title='bbox 378 1172 639 1215; x_wconf 84' lang='lat' dir='ltr'>brevissimis</span> <span class='ocrx_word' id='word_1_108' title='bbox 671 1173 1182 1228; x_wconf 81' lang='lat' dir='ltr'>subglandulaeformibus</span> <span class='ocrx_word' id='word_1_109' title='bbox 1213 1175 1436 1224; x_wconf 82' lang='lat' dir='ltr'>instructa,</span> <span class='ocrx_word' id='word_1_110' title='bbox 1470 1176 1682 1218; x_wconf 87' lang='lat' dir='ltr'>adultiore</span> 
     </span>
     <span class='ocr_line' id='line_1_16' title="bbox 263 1242 1683 1298; baseline 0.001 -14"><span class='ocrx_word' id='word_1_111' title='bbox 263 1242 557 1295; x_wconf 86' lang='lat' dir='ltr'>subglabrata,</span> <span class='ocrx_word' id='word_1_112' title='bbox 590 1243 783 1296; x_wconf 84' lang='lat' dir='ltr'>apicibus</span> <span class='ocrx_word' id='word_1_113' title='bbox 814 1244 1151 1286; x_wconf 79' lang='lat' dir='ltr'>increscentibus</span> <span class='ocrx_word' id='word_1_114' title='bbox 1183 1244 1483 1298; x_wconf 85' lang='lat' dir='ltr'>stricturisque</span> <span class='ocrx_word' id='word_1_115' title='bbox 1505 1244 1574 1285; x_wconf 86' lang='lat' dir='ltr'>hic</span> <span class='ocrx_word' id='word_1_116' title='bbox 1595 1245 1683 1286; x_wconf 87' lang='lat' dir='ltr'>illic</span> 
     </span>
     <span class='ocr_line' id='line_1_17' title="bbox 263 1310 1682 1366; baseline 0.002 -14"><span class='ocrx_word' id='word_1_117' title='bbox 263 1311 582 1353; x_wconf 86' lang='lat' dir='ltr'>obvenientibus</span> <span class='ocrx_word' id='word_1_118' title='bbox 613 1310 818 1353; x_wconf 89' lang='lat' dir='ltr'>fasciculo</span> <span class='ocrx_word' id='word_1_119' title='bbox 848 1311 1020 1353; x_wconf 88' lang='lat' dir='ltr'>filorum</span> <span class='ocrx_word' id='word_1_120' title='bbox 1058 1311 1304 1366; x_wconf 88' lang='lat' dir='ltr'>longiorum</span> <span class='ocrx_word' id='word_1_121' title='bbox 1340 1313 1502 1354; x_wconf 88' lang='lat' dir='ltr'>obsitis.</span> <span class='ocrx_word' id='word_1_122' title='bbox 1537 1312 1682 1356; x_wconf 77' lang='lat' dir='ltr'>Coral-</span> 
     </span>
     <span class='ocr_line' id='line_1_18' title="bbox 264 1379 1682 1435; baseline 0.002 -14"><span class='ocrx_word' id='word_1_123' title='bbox 264 1380 354 1422; x_wconf 73' lang='lat' dir='ltr'>lma</span> <span class='ocrx_word' id='word_1_124' title='bbox 383 1381 628 1433; x_wconf 72' lang='lat' dir='ltr'>maryinata</span> <span class='ocrx_word' id='word_1_125' title='bbox 660 1379 779 1421; x_wconf 65' lang='lat' dir='ltr'>Ellis</span> <span class='ocrx_word' id='word_1_126' title='bbox 801 1380 826 1421; x_wconf 75' lang='lat' dir='ltr'>l.</span> <span class='ocrx_word' id='word_1_127' title='bbox 857 1394 888 1422; x_wconf 83' lang='lat' dir='ltr'>c.</span> <span class='ocrx_word' id='word_1_128' title='bbox 922 1380 1002 1422; x_wconf 81' lang='lat' dir='ltr'>tab.</span> <span class='ocrx_word' id='word_1_129' title='bbox 1035 1381 1087 1421; x_wconf 78' lang='lat'>22</span> <span class='ocrx_word' id='word_1_130' title='bbox 1107 1382 1185 1435; x_wconf 69' lang='lat' dir='ltr'>fiy.</span> <span class='ocrx_word' id='word_1_131' title='bbox 1218 1382 1254 1422; x_wconf 82' lang='lat'>6.</span> <span class='ocrx_word' id='word_1_132' title='bbox 1284 1380 1547 1424; x_wconf 74' lang='lat' dir='ltr'>Galaxaura</span> <span class='ocrx_word' id='word_1_133' title='bbox 1567 1396 1682 1424; x_wconf 70' lang='lat' dir='ltr'>mar-</span> 
     </span>
     <span class='ocr_line' id='line_1_19' title="bbox 258 1448 1681 1504; baseline 0.001 -13"><span class='ocrx_word' id='word_1_134' title='bbox 258 1451 413 1504; x_wconf 71' lang='lat' dir='ltr'>[Jinata</span> <span class='ocrx_word' id='word_1_135' title='bbox 461 1450 662 1492; x_wconf 74' lang='lat' dir='ltr'>Lamour.</span> <span class='ocrx_word' id='word_1_136' title='bbox 711 1448 827 1491; x_wconf 70' lang='lat' dir='ltr'>Hist.</span> <span class='ocrx_word' id='word_1_137' title='bbox 872 1449 961 1491; x_wconf 76' lang='lat' dir='ltr'><em>Pol.</em></span> <span class='ocrx_word' id='word_1_138' title='bbox 984 1464 1031 1503; x_wconf 75' lang='lat' dir='ltr'>p.</span> <span class='ocrx_word' id='word_1_139' title='bbox 1065 1450 1159 1490; x_wconf 68' lang='lat'>264.</span> <span class='ocrx_word' id='word_1_140' title='bbox 1193 1449 1359 1493; x_wconf 77' lang='lat' dir='ltr'>Decsne</span> <span class='ocrx_word' id='word_1_141' title='bbox 1391 1449 1484 1493; x_wconf 82' lang='lat' dir='ltr'>Gor.</span> <span class='ocrx_word' id='word_1_142' title='bbox 1508 1464 1557 1504; x_wconf 72' lang='lat' dir='ltr'>p.</span> <span class='ocrx_word' id='word_1_143' title='bbox 1590 1452 1681 1492; x_wconf 85' lang='lat'>105.</span> 
     </span>
     <span class='ocr_line' id='line_1_20' title="bbox 265 1518 976 1571; baseline -0.001 -10"><span class='ocrx_word' id='word_1_144' title='bbox 265 1518 402 1561; x_wconf 76' lang='lat' dir='ltr'>Harv.</span> <span class='ocrx_word' id='word_1_145' title='bbox 438 1518 568 1571; x_wconf 63' lang='lat' dir='ltr'>Plcyc.</span> <span class='ocrx_word' id='word_1_146' title='bbox 601 1521 735 1560; x_wconf 73' lang='lat' dir='ltr'>austr.</span> <span class='ocrx_word' id='word_1_147' title='bbox 768 1519 849 1560; x_wconf 72' lang='lat' dir='ltr'>tab.</span> <span class='ocrx_word' id='word_1_148' title='bbox 885 1519 976 1560; x_wconf 82' lang='lat'><strong>136.</strong></span> 
     </span>
    </p>
   </div>
   <div class='ocr_carea' id='block_1_4' title="bbox 416 1610 1194 1664">
    <p class='ocr_par' dir='ltr' id='par_1_5' title="bbox 416 1610 1194 1664">
     <span class='ocr_line' id='line_1_21' title="bbox 416 1610 1194 1664; baseline 0 -12"><span class='ocrx_word' id='word_1_149' title='bbox 416 1612 596 1653; x_wconf 86' lang='lat' dir='ltr'>Formas</span> <span class='ocrx_word' id='word_1_150' title='bbox 627 1614 854 1664; x_wconf 83' lang='lat' dir='ltr'>sequentes</span> <span class='ocrx_word' id='word_1_151' title='bbox 885 1610 1194 1654; x_wconf 84' lang='lat' dir='ltr'>distinxerunt:</span> 
     </span>
    </p>
   </div>
   <div class='ocr_carea' id='block_1_5' title="bbox 152 1694 1686 2778">
    <p class='ocr_par' dir='ltr' id='par_1_6' title="bbox 152 1694 1683 1749">
     <span class='ocr_line' id='line_1_22' title="bbox 152 1694 1683 1749; baseline -0.001 -10"><span class='ocrx_word' id='word_1_152' title='bbox 152 1711 189 1738; x_wconf 91' lang='lat' dir='ltr'>a.</span> <span class='ocrx_word' id='word_1_153' title='bbox 219 1697 465 1749; x_wconf 65' lang='lat' dir='ltr'>onaminata</span> <span class='ocrx_word' id='word_1_154' title='bbox 487 1695 717 1748; x_wconf 84' lang='lat' dir='ltr'>segmentis</span> <span class='ocrx_word' id='word_1_155' title='bbox 739 1694 1032 1748; x_wconf 85' lang='lat' dir='ltr'>superioribus</span> <span class='ocrx_word' id='word_1_156' title='bbox 1053 1694 1331 1736; x_wconf 84' lang='lat' dir='ltr'>transversim</span> <span class='ocrx_word' id='word_1_157' title='bbox 1353 1695 1529 1737; x_wconf 86' lang='lat' dir='ltr'>zonatis.</span> <span class='ocrx_word' id='word_1_158' title='bbox 1554 1695 1683 1737; x_wconf 56' lang='lat' dir='ltr'>Koite.</span> 
     </span>
    </p>

    <p class='ocr_par' dir='ltr' id='par_1_7' title="bbox 266 1763 1092 1885">
     <span class='ocr_line' id='line_1_23' title="bbox 266 1763 1028 1817; baseline -0.001 -11"><span class='ocrx_word' id='word_1_159' title='bbox 266 1765 348 1806; x_wconf 80' lang='lat' dir='ltr'>tab.</span> <span class='ocrx_word' id='word_1_160' title='bbox 387 1763 515 1817; x_wconf 68' lang='lat' dir='ltr'>Phyc.</span> <span class='ocrx_word' id='word_1_161' title='bbox 559 1763 647 1806; x_wconf 77' lang='lat' dir='ltr'>Vol.</span> <span class='ocrx_word' id='word_1_162' title='bbox 691 1763 820 1806; x_wconf 87' lang='lat' dir='ltr'><strong><em>VIII</em></strong></span> <span class='ocrx_word' id='word_1_163' title='bbox 847 1764 928 1806; x_wconf 73' lang='lat' dir='ltr'>tab.</span> <span class='ocrx_word' id='word_1_164' title='bbox 962 1765 1028 1805; x_wconf 83' lang='lat'>36.</span> 
     </span>
     <span class='ocr_line' id='line_1_24' title="bbox 418 1831 1092 1885; baseline -0.001 -12"><span class='ocrx_word' id='word_1_165' title='bbox 418 1832 528 1874; x_wconf 90' lang='lat' dir='ltr'>Hab.</span> <span class='ocrx_word' id='word_1_166' title='bbox 563 1832 618 1873; x_wconf 84' lang='lat' dir='ltr'>ad</span> <span class='ocrx_word' id='word_1_167' title='bbox 649 1845 746 1873; x_wconf 88' lang='lat' dir='ltr'>oras</span> <span class='ocrx_word' id='word_1_168' title='bbox 778 1831 1092 1885; x_wconf 84' lang='lat' dir='ltr'>Senegambiae!</span> 
     </span>
    </p>

    <p class='ocr_par' dir='ltr' id='par_1_8' title="bbox 152 1890 1683 2090">
     <span class='ocr_line' id='line_1_25' title="bbox 152 1890 1683 1954; baseline -0.001 -10"><span class='ocrx_word' id='word_1_169' title='bbox 152 1902 193 1944; x_wconf 91' lang='lat' dir='ltr'>b.</span> <span class='ocrx_word' id='word_1_170' title='bbox 226 1900 519 1954; x_wconf 69' lang='lat' dir='ltr'>Diesz&#39;ngyiana</span> <span class='ocrx_word' id='word_1_171' title='bbox 550 1900 779 1954; x_wconf 83' lang='lat' dir='ltr'>segmentis</span> <span class='ocrx_word' id='word_1_172' title='bbox 810 1900 1099 1953; x_wconf 88' lang='lat' dir='ltr'>superioribus</span> <span class='ocrx_word' id='word_1_173' title='bbox 1139 1890 1397 1953; x_wconf 80' lang='lat' dir='ltr'>subzonatis,</span> <span class='ocrx_word' id='word_1_174' title='bbox 1437 1901 1683 1943; x_wconf 86' lang='lat' dir='ltr'>interstitiis</span> 
     </span>
     <span class='ocr_line' id='line_1_26' title="bbox 266 1968 1682 2023; baseline 0 -13"><span class='ocrx_word' id='word_1_175' title='bbox 266 1970 311 2010; x_wconf 90' lang='lat' dir='ltr'>in</span> <span class='ocrx_word' id='word_1_176' title='bbox 341 1969 457 2011; x_wconf 85' lang='lat' dir='ltr'>disco</span> <span class='ocrx_word' id='word_1_177' title='bbox 488 1968 800 2011; x_wconf 86' lang='lat' dir='ltr'>collabentibus</span> <span class='ocrx_word' id='word_1_178' title='bbox 836 1968 1115 2022; x_wconf 85' lang='lat' dir='ltr'>glandulosis,</span> <span class='ocrx_word' id='word_1_179' title='bbox 1155 1969 1420 2023; x_wconf 85' lang='lat' dir='ltr'>marginibus</span> <span class='ocrx_word' id='word_1_180' title='bbox 1459 1970 1682 2022; x_wconf 84' lang='lat' dir='ltr'>glabratis.</span> 
     </span>
     <span class='ocr_line' id='line_1_27' title="bbox 269 2036 1103 2090; baseline -0.002 -10"><span class='ocrx_word' id='word_1_181' title='bbox 269 2037 460 2080; x_wconf 69' lang='lat' dir='ltr'>Zanard.</span> <span class='ocrx_word' id='word_1_182' title='bbox 495 2036 627 2090; x_wconf 64' lang='lat' dir='ltr'>Phyle.</span> <span class='ocrx_word' id='word_1_183' title='bbox 658 2037 818 2079; x_wconf 66' lang='lat' dir='ltr'>adriat.</span> <span class='ocrx_word' id='word_1_184' title='bbox 849 2037 929 2079; x_wconf 74' lang='lat' dir='ltr'>tab.</span> <span class='ocrx_word' id='word_1_185' title='bbox 962 2037 1013 2078; x_wconf 77' lang='lat'>22</span> <span class='ocrx_word' id='word_1_186' title='bbox 1046 2036 1103 2078; x_wconf 84' lang='lat' dir='ltr'>B.</span> 
     </span>
    </p>

    <p class='ocr_par' dir='ltr' id='par_1_9' title="bbox 418 2104 923 2147">
     <span class='ocr_line' id='line_1_28' title="bbox 418 2104 923 2147; baseline -0.002 0"><span class='ocrx_word' id='word_1_187' title='bbox 418 2105 528 2147; x_wconf 88' lang='lat' dir='ltr'>Hab.</span> <span class='ocrx_word' id='word_1_188' title='bbox 561 2106 615 2147; x_wconf 85' lang='lat' dir='ltr'>ad</span> <span class='ocrx_word' id='word_1_189' title='bbox 646 2105 750 2147; x_wconf 90' lang='lat' dir='ltr'>Port</span> <span class='ocrx_word' id='word_1_190' title='bbox 781 2104 923 2146; x_wconf 90' lang='lat' dir='ltr'>Natal.</span> 
     </span>
    </p>

    <p class='ocr_par' dir='ltr' id='par_1_10' title="bbox 157 2173 1685 2356">
     <span class='ocr_line' id='line_1_29' title="bbox 157 2173 1683 2229; baseline -0.001 -11"><span class='ocrx_word' id='word_1_191' title='bbox 157 2191 190 2218; x_wconf 88' lang='lat' dir='ltr'>c.</span> <span class='ocrx_word' id='word_1_192' title='bbox 223 2176 401 2219; x_wconf 69' lang='lat' dir='ltr'>linearis</span> <span class='ocrx_word' id='word_1_193' title='bbox 432 2174 662 2229; x_wconf 85' lang='lat' dir='ltr'>segmentis</span> <span class='ocrx_word' id='word_1_194' title='bbox 694 2174 887 2227; x_wconf 89' lang='lat' dir='ltr'>angustis</span> <span class='ocrx_word' id='word_1_195' title='bbox 926 2173 1161 2215; x_wconf 88' lang='lat' dir='ltr'>linearibus</span> <span class='ocrx_word' id='word_1_196' title='bbox 1199 2174 1267 2215; x_wconf 90' lang='lat' dir='ltr'>hic</span> <span class='ocrx_word' id='word_1_197' title='bbox 1305 2174 1391 2215; x_wconf 89' lang='lat' dir='ltr'>illic</span> <span class='ocrx_word' id='word_1_198' title='bbox 1429 2174 1683 2227; x_wconf 86' lang='lat' dir='ltr'>constrictis,</span> 
     </span>
     <span class='ocr_line' id='line_1_30' title="bbox 269 2242 1685 2297; baseline -0.001 -10"><span class='ocrx_word' id='word_1_199' title='bbox 269 2245 324 2294; x_wconf 78' lang='lat' dir='ltr'>ad</span> <span class='ocrx_word' id='word_1_200' title='bbox 356 2244 582 2286; x_wconf 88' lang='lat' dir='ltr'>stricturas</span> <span class='ocrx_word' id='word_1_201' title='bbox 619 2242 836 2285; x_wconf 84' lang='lat' dir='ltr'>fasciculis</span> <span class='ocrx_word' id='word_1_202' title='bbox 876 2242 1045 2284; x_wconf 88' lang='lat' dir='ltr'>filorum</span> <span class='ocrx_word' id='word_1_203' title='bbox 1077 2243 1320 2297; x_wconf 87' lang='lat' dir='ltr'>longiorum</span> <span class='ocrx_word' id='word_1_204' title='bbox 1351 2244 1513 2286; x_wconf 87' lang='lat' dir='ltr'>obsitis.</span> <span class='ocrx_word' id='word_1_205' title='bbox 1556 2245 1685 2287; x_wconf 59' lang='lat' dir='ltr'>Kutz.</span> 
     </span>
     <span class='ocr_line' id='line_1_31' title="bbox 270 2310 1466 2356; baseline -0.003 0"><span class='ocrx_word' id='word_1_206' title='bbox 270 2314 295 2356; x_wconf 87' lang='grc' dir='ltr'>ῖ.</span> <span class='ocrx_word' id='word_1_207' title='bbox 326 2327 357 2355; x_wconf 80' lang='lat' dir='ltr'>c.</span> <span class='ocrx_word' id='word_1_208' title='bbox 389 2312 473 2354; x_wconf 75' lang='lat' dir='ltr'>tab.</span> <span class='ocrx_word' id='word_1_209' title='bbox 504 2312 569 2353; x_wconf 86' lang='lat'>37.</span> <span class='ocrx_word' id='word_1_210' title='bbox 601 2311 654 2354; x_wconf 76' lang='lat' dir='ltr'>G.</span> <span class='ocrx_word' id='word_1_211' title='bbox 685 2311 974 2354; x_wconf 60' lang='lat' dir='ltr'>canaliculata</span> <span class='ocrx_word' id='word_1_212' title='bbox 1008 2310 1136 2353; x_wconf 59' lang='lat' dir='ltr'>Kio‘te.</span> <span class='ocrx_word' id='word_1_213' title='bbox 1169 2312 1194 2353; x_wconf 84' lang='lat' dir='ltr'>Z.</span> <span class='ocrx_word' id='word_1_214' title='bbox 1225 2325 1256 2354; x_wconf 80' lang='lat' dir='ltr'>c.</span> <span class='ocrx_word' id='word_1_215' title='bbox 1288 2312 1371 2354; x_wconf 76' lang='lat' dir='ltr'>tab.</span> <span class='ocrx_word' id='word_1_216' title='bbox 1402 2312 1466 2353; x_wconf 82' lang='lat'>36.</span> 
     </span>
    </p>

    <p class='ocr_par' dir='ltr' id='par_1_11' title="bbox 421 2378 758 2422">
     <span class='ocr_line' id='line_1_32' title="bbox 421 2378 758 2422; baseline -0.006 0"><span class='ocrx_word' id='word_1_217' title='bbox 421 2380 488 2422; x_wconf 88' lang='lat' dir='ltr'>Ad</span> <span class='ocrx_word' id='word_1_218' title='bbox 516 2378 758 2422; x_wconf 81' lang='lat' dir='ltr'>Brasiliam.</span> 
     </span>
    </p>

    <p class='ocr_par' dir='ltr' id='par_1_12' title="bbox 159 2447 1686 2639">
     <span class='ocr_line' id='line_1_33' title="bbox 159 2447 1686 2502; baseline -0.003 -9"><span class='ocrx_word' id='word_1_219' title='bbox 159 2451 198 2493; x_wconf 82' lang='lat' dir='ltr'>d.</span> <span class='ocrx_word' id='word_1_220' title='bbox 230 2450 415 2493; x_wconf 69' lang='lat' dir='ltr'>dilatata</span> <span class='ocrx_word' id='word_1_221' title='bbox 445 2448 583 2502; x_wconf 82' lang='lat' dir='ltr'>major</span> <span class='ocrx_word' id='word_1_222' title='bbox 613 2447 755 2496; x_wconf 79' lang='lat' dir='ltr'>latior,</span> <span class='ocrx_word' id='word_1_223' title='bbox 788 2447 1001 2489; x_wconf 89' lang='lat' dir='ltr'>stricturis</span> <span class='ocrx_word' id='word_1_224' title='bbox 1031 2460 1185 2500; x_wconf 88' lang='lat' dir='ltr'>parum</span> <span class='ocrx_word' id='word_1_225' title='bbox 1215 2447 1465 2500; x_wconf 84' lang='lat' dir='ltr'>conspicuis,</span> <span class='ocrx_word' id='word_1_226' title='bbox 1497 2447 1686 2501; x_wconf 86' lang='lat' dir='ltr'>apicibus</span> 
     </span>
     <span class='ocr_line' id='line_1_34' title="bbox 270 2515 1684 2560; baseline -0.001 0"><span class='ocrx_word' id='word_1_227' title='bbox 270 2517 609 2560; x_wconf 83' lang='lat' dir='ltr'>increscentibus</span> <span class='ocrx_word' id='word_1_228' title='bbox 640 2516 854 2558; x_wconf 85' lang='lat' dir='ltr'>fasciculis</span> <span class='ocrx_word' id='word_1_229' title='bbox 875 2515 1044 2558; x_wconf 88' lang='lat' dir='ltr'>filorum</span> <span class='ocrx_word' id='word_1_230' title='bbox 1067 2517 1257 2558; x_wconf 82' lang='lat' dir='ltr'>comesis.</span> <span class='ocrx_word' id='word_1_231' title='bbox 1291 2516 1426 2558; x_wconf 70' lang='lat' dir='ltr'>Ham).</span> <span class='ocrx_word' id='word_1_232' title='bbox 1452 2517 1477 2557; x_wconf 82' lang='lat' dir='ltr'>Z.</span> <span class='ocrx_word' id='word_1_233' title='bbox 1499 2530 1530 2558; x_wconf 84' lang='lat' dir='ltr'>c.</span> <span class='ocrx_word' id='word_1_234' title='bbox 1556 2517 1684 2558; x_wconf 58' lang='lat' dir='ltr'>Kic&#39;ta</span> 
     </span>
     <span class='ocr_line' id='line_1_35' title="bbox 272 2586 725 2639; baseline -0.007 -10"><span class='ocrx_word' id='word_1_235' title='bbox 272 2587 353 2629; x_wconf 75' lang='lat' dir='ltr'>tab.</span> <span class='ocrx_word' id='word_1_236' title='bbox 390 2586 514 2639; x_wconf 74' lang='lat' dir='ltr'>Phyc.</span> <span class='ocrx_word' id='word_1_237' title='bbox 546 2586 628 2627; x_wconf 77' lang='lat' dir='ltr'>tab.</span> <span class='ocrx_word' id='word_1_238' title='bbox 662 2586 725 2626; x_wconf 78' lang='lat'>37.</span> 
     </span>
    </p>

    <p class='ocr_par' dir='ltr' id='par_1_13' title="bbox 330 2653 1686 2778">
     <span class='ocr_line' id='line_1_36' title="bbox 330 2653 1686 2710; baseline -0.002 -13"><span class='ocrx_word' id='word_1_239' title='bbox 330 2656 395 2698; x_wconf 84' lang='lat' dir='ltr'>Ad</span> <span class='ocrx_word' id='word_1_240' title='bbox 424 2656 657 2708; x_wconf 87' lang='lat' dir='ltr'>Antiguam</span> <span class='ocrx_word' id='word_1_241' title='bbox 694 2655 783 2710; x_wconf 81' lang='lat' dir='ltr'>(sec</span> <span class='ocrx_word' id='word_1_242' title='bbox 828 2653 1058 2710; x_wconf 76' lang='lat' dir='ltr'>Kiitzing);</span> <span class='ocrx_word' id='word_1_243' title='bbox 1104 2654 1160 2696; x_wconf 87' lang='lat' dir='ltr'>ad</span> <span class='ocrx_word' id='word_1_244' title='bbox 1206 2653 1368 2697; x_wconf 84' lang='lat' dir='ltr'>Novam</span> <span class='ocrx_word' id='word_1_245' title='bbox 1412 2653 1686 2695; x_wconf 89' lang='lat' dir='ltr'>Hollandiam</span> 
     </span>
     <span class='ocr_line' id='line_1_37' title="bbox 424 2724 794 2778; baseline -0.003 -13"><span class='ocrx_word' id='word_1_246' title='bbox 424 2724 594 2778; x_wconf 87' lang='lat' dir='ltr'>Harvey</span> <span class='ocrx_word' id='word_1_247' title='bbox 625 2724 794 2777; x_wconf 86' lang='lat' dir='ltr'>aliique.</span> 
     </span>
    </p>
   </div>
   <div class='ocr_carea' id='block_1_6' title="bbox 164 2814 1687 2919">
    <p class='ocr_par' dir='ltr' id='par_1_14' title="bbox 164 2814 1687 2919">
     <span class='ocr_line' id='line_1_38' title="bbox 253 2814 1686 2861; baseline -0.003 -10"><span class='ocrx_word' id='word_1_248' title='bbox 253 2818 311 2851; x_wconf 91' lang='lat' dir='ltr'>An</span> <span class='ocrx_word' id='word_1_249' title='bbox 336 2818 463 2861; x_wconf 84' lang='lat' dir='ltr'>plures</span> <span class='ocrx_word' id='word_1_250' title='bbox 491 2816 635 2861; x_wconf 87' lang='lat' dir='ltr'>species</span> <span class='ocrx_word' id='word_1_251' title='bbox 662 2816 731 2851; x_wconf 91' lang='lat' dir='ltr'>hoc</span> <span class='ocrx_word' id='word_1_252' title='bbox 757 2816 837 2851; x_wconf 91' lang='lat' dir='ltr'>loco</span> <span class='ocrx_word' id='word_1_253' title='bbox 863 2816 1020 2859; x_wconf 82' lang='lat' dir='ltr'>lateant,</span> <span class='ocrx_word' id='word_1_254' title='bbox 1048 2815 1222 2850; x_wconf 84' lang='lat' dir='ltr'>decidere</span> <span class='ocrx_word' id='word_1_255' title='bbox 1258 2814 1358 2848; x_wconf 83' lang='lat' dir='ltr'>hand</span> <span class='ocrx_word' id='word_1_256' title='bbox 1384 2814 1549 2848; x_wconf 83' lang='lat' dir='ltr'>audeam.</span> <span class='ocrx_word' id='word_1_257' title='bbox 1598 2814 1686 2859; x_wconf 79' lang='lat' dir='ltr'>Spe-</span> 
     </span>
     <span class='ocr_line' id='line_1_39' title="bbox 164 2869 1687 2919; baseline -0.002 -10"><span class='ocrx_word' id='word_1_258' title='bbox 164 2875 301 2909; x_wconf 86' lang='lat' dir='ltr'>cimina</span> <span class='ocrx_word' id='word_1_259' title='bbox 326 2873 532 2919; x_wconf 85' lang='lat' dir='ltr'>segmentis</span> <span class='ocrx_word' id='word_1_260' title='bbox 559 2873 702 2909; x_wconf 85' lang='lat' dir='ltr'>zonatis</span> <span class='ocrx_word' id='word_1_261' title='bbox 730 2872 970 2916; x_wconf 82' lang='lat' dir='ltr'>ezonatisque</span> <span class='ocrx_word' id='word_1_262' title='bbox 995 2883 1041 2907; x_wconf 85' lang='lat' dir='ltr'>ex</span> <span class='ocrx_word' id='word_1_263' title='bbox 1068 2873 1197 2907; x_wconf 88' lang='lat' dir='ltr'>codem</span> <span class='ocrx_word' id='word_1_264' title='bbox 1216 2873 1296 2906; x_wconf 90' lang='lat' dir='ltr'>loco</span> <span class='ocrx_word' id='word_1_265' title='bbox 1314 2869 1438 2905; x_wconf 86' lang='lat' dir='ltr'>habui.</span> <span class='ocrx_word' id='word_1_266' title='bbox 1475 2870 1687 2915; x_wconf 85' lang='lat' dir='ltr'>Specimina</span> 
     </span>
    </p>
   </div>
  </div>
 </body>
</html>
