1757 3114
92 89 399 144 Nitophyllmn.
710 89 1014 133 Dmmssnmmv..
1539 98 1614 137 451

199 204 278 245 bus
309 204 377 245 vix
410 204 661 257 conspicuis,
694 206 891 247 coccidiis
923 206 1115 259 sorisque
1156 206 1330 248 minutis
1362 208 1617 249 rotundato-

199 271 392 325 oblongis
424 287 502 326 per
532 278 666 315 totam
698 275 893 316 frondem
924 275 1187 327 superiorem
1218 276 1426 329 plurimis.

199 340 308 382 Hab.
340 342 395 382 ad
428 341 592 383 Novam
625 343 871 385 Zelandiam
904 343 985 385 Hb.
1018 344 1208 398 Harvey!
1241 345 1480 399 Berggren!

179 420 330 464 Species
355 421 457 455 inter
483 424 644 466 majores
672 423 843 467 Generis,
871 424 974 467 cujus
1001 424 1165 468 plurima
1191 425 1268 459 vidi
1295 426 1516 471 specimina,
1543 438 1618 461 om-

84 477 147 510 nia
171 477 306 511 eximie
333 479 594 523 congruentia.
632 480 757 524 Stipes
784 480 892 513 adest
918 479 1074 514 evidens
1100 492 1200 514 nunc
1226 482 1304 515 fere
1330 482 1536 527 pollicaris‚
1562 483 1621 517 in-

84 533 192 567 ferne
231 535 499 569 teretiusculus
538 548 623 570 mox
663 537 937 581 complanatus,
974 537 1100 571 media
1136 541 1243 581 parte
1274 538 1487 573 incrassata
1512 540 1618 583 quasi

84 594 266 635 costatus,
293 596 398 626 costa
427 594 607 638 venisque
634 606 746 639 supra
774 594 941 639 stipitem
969 595 1033 628 vix
1060 595 1287 640 conspicuis.
1337 596 1458 631 Frons
1480 597 1616 642 saepius

83 649 383 693 4—6pollicaris‚
410 663 508 685 nunc
534 652 694 696 pedalis,
724 664 836 697 supra
860 653 988 686 basem
1015 656 1214 687 cuneatam
1240 654 1319 688 fere
1346 654 1618 689 flabelliformi-

83 708 144 739 ter
170 717 350 751 expansa,
377 707 580 742 latitudine
607 709 754 744 frondis
781 720 880 742 nunc
905 709 1186 754 longitudinem
1219 715 1408 755 aequante,
1434 711 1617 758 irregula-

82 763 158 797 rius
185 765 379 808 palmatim
407 769 470 799 aut
497 766 755 810 subpinnatim
781 766 970 809 laciniata,
997 767 1147 819 laciniis
1184 768 1358 811 oblongis
1397 770 1617 804 cuneatisve

82 820 219 854 iterum
246 822 490 856 conformiter
519 823 738 866 subdivisis,
765 823 936 858 omnibus
963 824 1123 858 obtusis.
1173 825 1368 869 Margmes
1395 827 1616 871 plerumque

83 877 305 921 amplissimi
332 882 370 912 et
396 880 570 913 undulati
598 884 633 914 et
661 884 847 925 praeterea
875 881 1011 925 saepius
1039 882 1255 916 evidentius
1275 883 1518 924 denticulati;
1538 895 1617 918 are-

82 934 150 968 0]ae
178 946 312 979 nempe
340 936 567 971 inordinatae
595 939 729 972 mediae
757 939 916 982 frondis,
945 951 1052 973 secus
1090 941 1283 986 margines
1322 943 1462 977 sensim
1499 943 1616 988 pluri-

82 992 247 1035 seriatae,
274 996 312 1026 et
337 993 531 1028 indentes
560 995 792 1030 acuminatos
819 996 1029 1040 productae,
1057 998 1194 1032 areolis
1222 998 1501 1034 denticulorum
1520 1000 1618 1034 infra

81 1049 255 1082 cellulam
280 1050 521 1084 terminalem
549 1052 860 1086 transversaliter
898 1053 1062 1087 seriatis,
1115 1053 1265 1089 Fronde
1304 1057 1617 1091 transversaliter

81 1109 183 1140 secta
221 1107 378 1141 cellulas
406 1108 551 1152 duplici
580 1110 676 1143 serie
704 1114 742 1144 et
769 1122 787 1144 e
816 1110 971 1155 regione
998 1112 1142 1156 positas
1175 1113 1305 1146 videre
1337 1113 1497 1148 credidi.
1548 1114 1615 1158 Cy-

80 1165 270 1209 stocarpia
296 1177 409 1209 supra
435 1177 545 1200 unam
572 1167 748 1212 paginam
769 1169 1132 1213 subhemisphaerice
1159 1171 1320 1214 elevata,
1348 1171 1468 1205 altera
1487 1172 1616 1216 plana;

78 1223 237 1264 utraque
264 1222 485 1256 cellularum
513 1224 682 1258 seriebus
709 1224 881 1269 pluribus
908 1229 1033 1262 aucta:
1060 1226 1335 1271 pericarpicuni
1355 1231 1498 1262 tectum
1514 1229 1617 1262 intra

78 1278 283 1322 gelatinam
311 1279 501 1324 hyalinam
528 1285 680 1316 constat
718 1282 828 1316 unica
865 1283 963 1317 serie
989 1284 1213 1318 cellularum
1241 1285 1551 1329 superficialium,
1579 1289 1615 1320 et

79 1336 247 1370 seriebus
274 1339 363 1371 3—5
390 1339 643 1373 concentricis
670 1340 892 1374 cellularum
919 1341 1161 1379 interiorum:
1197 1343 1254 1378 hae
1282 1344 1431 1378 cellulae
1459 1343 1614 1379 interio-

77 1404 137 1427 res
164 1397 252 1427 sunt
285 1394 362 1428 fere
389 1396 505 1439 duplo
533 1397 724 1439 longiores
752 1408 861 1441 quam
889 1398 1162 1443 superficiales,
1189 1403 1227 1434 et
1253 1400 1293 1434 in
1319 1400 1458 1435 vicinia
1486 1396 1615 1446 carpo-

78 1450 203 1484 stomii
242 1452 433 1497 praecipue
473 1464 699 1487 numerosae.
749 1453 905 1488 Planum
932 1456 1060 1489 hasale
1087 1458 1315 1502 cystocarpii
1343 1458 1515 1493 seriebus
1542 1460 1618 1492 cel-

76 1507 239 1541 lularum
264 1509 437 1553 pluribus
465 1522 612 1554 quoque
639 1514 803 1555 auctum,
836 1512 1027 1558 praecipue
1065 1513 1163 1548 infra
1189 1516 1404 1559 placentam
1430 1516 1615 1550 incrassa-

76 1566 168 1598 tum.
221 1565 353 1599 Nuclei
382 1569 576 1601 structura
602 1568 724 1610 qualis
752 1568 790 1602 in
817 1569 901 1603 aliis
930 1570 1128 1614 speciebus
1156 1572 1328 1607 Generis.
1371 1573 1453 1609 Sori
1478 1574 1615 1608 minuti

74 1621 453 1668 rotundato-oblongi
480 1635 548 1668 per
573 1627 692 1658 totam
711 1625 896 1669 frondem,
923 1627 1029 1662 disco
1055 1629 1175 1662 basali
1194 1634 1258 1664 aut
1278 1631 1440 1665 centrali
1466 1631 1613 1665 frondis

74 1676 265 1712 inferioris
293 1682 466 1724 excepto,
494 1681 574 1714 sine
601 1681 732 1715 ordine
761 1683 895 1726 sparsi.
945 1683 1096 1719 Fronde
1121 1697 1190 1730 per
1228 1699 1354 1721 sorum
1392 1691 1612 1722 transverse

75 1737 190 1778 secta,
229 1735 389 1780 adparet
415 1740 577 1771 stratum
604 1739 774 1772 centrale
799 1739 901 1773 inter
928 1740 1184 1785 superficialia
1220 1744 1418 1788 utriusque
1457 1745 1606 1790 paginae

74 1802 156 1825 esse
182 1791 240 1826 his
266 1792 360 1827 locis
388 1795 599 1837 evolutum,·
627 1805 671 1829 ex
697 1796 847 1830 cellulis
874 1797 984 1841 hujus
1012 1798 1288 1844 sphaerosporae
1316 1801 1540 1836 formantur.

73 1906 164 1930 *⁹⁵⁵⁵*
200 1905 371 1949 Fronde
400 1909 720 1952 membranacea
753 1912 985 1955 evidentius
1016 1915 1226 1967 stipitata,
1248 1930 1372 1958 nervo
1394 1917 1501 1970 plns
1531 1920 1610 1961 nn'-

185 1989 266 2016 nus
296 1978 520 2029 conspicuo
564 1979 752 2030 stipitem
774 1985 1061 2032 percurrente,
1091 1996 1228 2035 snpra
1279 1986 1466 2037 stipitem
1512 2000 1609 2028 mox

186 2049 463 2097 evanescente,
493 2049 619 2099 quasa·
640 2049 685 2089 in
707 2063 838 2091 venas
860 2050 1067 2092 obsoletas
1089 2052 1422 2106 subeonfluentes
1455 2055 1609 2108 inferi-

186 2125 299 2154 orem
327 2114 512 2156 mediam
532 2119 705 2167 partem
727 2116 908 2169 frondis
954 2123 1212 2172 occupantes,
1248 2121 1509 2174 flabellatim
1541 2138 1608 2164 ex-

187 2185 410 2232 currentes,
442 2182 588 2224 soluto.

74 2271 121 2313 N.
154 2271 349 2314 Caozmm
380 2273 534 2326 (Hook.
567 2279 605 2317 et
636 2276 772 2318 Harv.
807 2278 942 2320 Lond.
974 2279 1127 2322 Journ.
1162 2281 1243 2322 IV
1258 2296 1304 2334 2).
1329 2284 1431 2338 254)
1462 2284 1607 2337 stipite

186 2345 368 2382 cuneato
400 2346 576 2393 costato,
624 2358 752 2386 nervo
799 2359 932 2399 supra
963 2347 1153 2401 stipitem
1185 2363 1283 2391 mox
1314 2356 1606 2401 evanescente,

183 2408 227 2448 in
257 2407 451 2450 frondem
483 2424 651 2452 roseam
683 2417 760 2453 aut
789 2413 1074 2457 lanceolatam
1105 2420 1180 2457 aut
1211 2417 1410 2459 latiorem
1441 2419 1606 2471 palma-

183 2476 380 2517 tisectam
427 2477 626 2529 abeunte,
672 2479 834 2521 lamina
875 2483 1126 2525 tenuissime
1171 2485 1501 2527 membranacea
1541 2488 1604 2528 in-

183 2544 302 2586 ferne
334 2559 503 2597 venosa,
536 2548 643 2589 soris
682 2550 930 2603 majusculis
970 2551 1164 2605 oblongis
1203 2554 1486 2608 coccidiisque
1529 2570 1605 2609 per

184 2617 320 2655 totam
365 2614 561 2656 frondem
607 2618 778 2669 sparsis.
825 2618 871 2660 J.
902 2619 983 2673 Ay.
1018 2620 1089 2672 Sp.
1114 2622 1264 2673 pcc-2.
1314 2623 1369 2664 N.
1416 2623 1605 2667 Cromen·

184 2680 317 2723 Hook.
351 2685 389 2723 et
421 2681 557 2724 Harv.
590 2681 730 2737 Crypt.
754 2689 840 2727 ant.
862 2687 944 2727 tab.
970 2689 1059 2728 177.
1084 2686 1225 2741 Orgzspt.
1249 2688 1439 2733 Croez'eri
1472 2693 1601 2734 Kiite.

184 2750 267 2791 tab.
306 2748 434 2803 Phye.
479 2750 566 2793 Vol.
603 2751 730 2794 XVI
755 2754 837 2795 tab.
869 2756 934 2795 27.

336 2817 442 2861 Hab.
475 2820 518 2859 in
549 2833 706 2863 oceano
738 2824 975 2864 antarctico
1006 2825 1232 2881 (Hooker).

1400 2895 1464 2928 29*
