1757 3114
69 147 330 201 Wrangyelia.
709 145 1012 187 WuANGELfflAE.
1507 151 1530 186 (3
1540 150 1554 189 l
1564 150 1587 190 5

62 262 96 301 l.
129 260 174 300 L.
207 274 522 302 MumrssaaANffiA
542 260 678 302 Boi-12.
703 260 727 300 l.
745 274 775 301 c.
797 260 924 302 Klete.
943 258 1025 300 tab.
1049 258 1175 312 Ploeyc.
1207 259 1293 301 Vol.
1320 259 1397 302 XI
1416 261 1498 302 tab.
1522 264 1585 303 92.

148 340 287 374 Habitu
314 340 406 374 Call.
425 339 606 382 Daviesii,
626 340 664 373 in
690 338 838 373 Udotea
862 338 1066 383 parasitica
1091 350 1265 374 crescens
1292 351 1409 384 prope
1427 340 1586 385 Antipo-

58 396 137 430 lim.
171 396 228 430 Ita
252 397 405 430 Auctor.
440 396 534 430 Mihi
560 396 692 441 ignota
716 396 864 440 planta:
891 394 986 429 mira
1012 398 1142 440 utpote
1168 395 1247 430 fere
1274 396 1385 430 unica
1409 396 1587 431 Floridea

59 452 164 496 (mihi
190 451 358 497 cognita)
385 464 466 496 quae
494 452 532 486 in
564 452 694 486 eodem
731 451 927 486 individuo
959 452 1173 486 antheridia
1199 456 1237 486 et
1262 452 1497 497 cystocarpia
1521 465 1585 499 ge-

59 511 184 549 nerat;
211 509 383 553 plantula
419 509 611 543 celebrata
646 511 778 554 utpote
815 520 896 552 quae
935 508 1092 542 theoriae
1132 509 1177 543 de
1204 509 1449 554 trichophoro
1475 510 1584 544 etde

59 566 346 601 foecundatione
373 566 634 600 Floridearum
659 566 904 600 fundamento
930 565 1122 610 praecipuo
1147 565 1230 600 fuit.

149 624 206 658 Ex
243 624 523 659 characteribus
567 623 704 658 Generi
742 622 897 658 tributis
935 624 1072 667 (sporae
1111 623 1335 668 pyriformes
1362 635 1383 657 a
1408 624 1584 668 placenta

56 679 216 715 ccntrali
254 681 464 723 radiantes)
501 680 626 715 Genus
664 680 755 714 mihi
781 679 932 714 videtur
957 691 1073 724 prope
1099 680 1356 725 Wrangeliam
1382 680 1585 725 disponen-

57 736 175 773 dums
206 737 342 772 Forma
367 737 553 773 involucri
580 738 813 771 Pandoream
840 736 973 775 refert;
1000 736 1039 770 in
1064 737 1134 771 hoc
1161 749 1248 772 vero
1275 740 1334 772 est
1358 738 1582 782 sphcerospo-

48 782 180 829 ⁸‘rarum
196 794 432 829 involucrum
450 797 597 829 tantum
615 793 826 839 cognitmm
852 793 891 827 in
917 793 1097 838 Lejolisia
1123 797 1211 828 sunt
1228 794 1321 828 rami
1340 795 1581 830 involucran-

55 855 112 886 tes
139 853 450 896 cystocarpiorum
475 851 655 886 concreti.
704 851 746 884 In
772 850 953 895 Lejolisia
979 851 1252 895 sphaerosporae
1292 853 1402 887 nudae
1441 852 1582 888 descri-

53 909 207 943 buntur.

54 1073 161 1122 sLl'.
204 1076 513 1121 WRANGELIA
552 1070 595 1114 G.
629 1071 710 1125 Ay.
741 1070 786 1113 J.
820 1070 900 1125 Ay.
937 1069 1007 1124 Sp.
1031 1084 1078 1124 p.
1114 1072 1205 1113 703.

54 1188 187 1230 Frons
219 1187 430 1228 filiformis
461 1187 692 1228 articulata
722 1186 1205 1240 (lecomposito-ramosa
1236 1191 1277 1228 et
1307 1188 1362 1228 ad
1384 1189 1583 1241 genicula

163 1255 450 1297 verticillatim
480 1255 723 1301 ramellosa,
755 1255 1090 1308 monosiphonia,
1114 1256 1230 1296 nuda
1259 1259 1335 1297 aut
1364 1256 1481 1298 fibris
1513 1270 1582 1298 ar-

163 1323 352 1365 ticulatis
398 1324 718 1377 angustioribus
764 1324 877 1364 intra
916 1324 1211 1365 membranam
1243 1328 1464 1366 externam
1496 1325 1583 1367 for-

164 1393 289 1433 matis
321 1392 538 1438 corticata,
569 1406 682 1433 nunc
713 1391 904 1433 ramellis
937 1391 1243 1433 verticillorum
1274 1393 1486 1434 arcuatim
1517 1409 1582 1436 se-

163 1475 236 1503 cus
267 1461 433 1502 caulem
465 1460 633 1502 reflexis
665 1461 707 1501 in
747 1464 931 1502 stratum
977 1461 1198 1514 proprium
1244 1461 1581 1504 coalescentibus

165 1530 347 1571 obtecta.
410 1527 692 1582 Cystocarpe‘a
724 1529 767 1569 in
805 1528 961 1570 vertice
1008 1528 1162 1570 ramuli
1208 1529 1464 1581 terminalia,
1511 1545 1581 1572 ra-

162 1597 299 1639 mellis
331 1598 541 1651 supremis
573 1611 684 1638 nunc
715 1597 1016 1638 transmutatis
1037 1597 1316 1649 involucrata,
1341 1599 1581 1652 gemmidiis

161 1666 465 1721 pyriformibus
497 1665 700 1707 radiatim
732 1666 961 1719 dispositis,
995 1665 1175 1720 singulis
1207 1667 1374 1708 sacculo
1405 1667 1579 1722 hyalino

162 1734 368 1776 conformi
412 1734 666 1787 pedicellato
713 1734 901 1785 inclusis,
947 1736 1202 1776 constantia.
1266 1735 1579 1789 Sphcerosporae

155 1803 359 1844 interiore
390 1803 525 1844 latere
562 1803 852 1854 ramellorum,
892 1803 1047 1857 saepius
1080 1804 1205 1857 juxta
1242 1804 1365 1846 basin
1397 1805 1578 1858 sessiles,

155 1871 388 1924 sphaericae,
420 1871 635 1925 triangule
666 1873 823 1913 divisae.

153 1976 297 2017 Genus
329 1976 429 2017 licet
460 1977 697 2018 numerosis
729 1977 951 2030 speciebus
975 1977 1101 2019 Novae
1125 1978 1366 2020 Hollandiae
1388 1983 1575 2029 auctum,

45 2047 188 2084 tamen
219 2043 345 2084 hodie
376 2044 516 2085 adhuc
539 2045 977 2087 circumscribendum
1000 2046 1325 2088 characteribus
1346 2046 1373 2087 l.
1396 2062 1428 2088 c.
1451 2048 1578 2091 datis·

46 2112 209 2153 Habitu
238 2111 452 2165 praecipue
484 2113 689 2154 recedunt
721 2113 882 2166 species
920 2114 1036 2155 haud
1074 2128 1233 2167 paucae,
1275 2129 1369 2168 quae
1401 2120 1477 2158 aut
1508 2131 1576 2158 ra—

45 2179 182 2221 mellis
214 2179 480 2221 vertit-illatis
512 2181 859 2234 subsimplicibus
891 2182 1182 2224 setiformibus
1215 2183 1469 2237 Spyridiam,
1502 2190 1578 2227 aut

44 2247 236 2289 ramellis
267 2247 602 2290 cli-tricliotomis
648 2249 891 2302 pinnatisve
936 2251 1213 2304 rigidioribus
1245 2251 1469 2294 Crouaniae
1501 2258 1578 2296 aut

44 2316 194 2370 Dasyae
227 2316 388 2369 species
415 2315 650 2359 conformes
672 2316 876 2359 referunt.
918 2318 1190 2360 Structuram
1212 2321 1576 2374 cystocarpiorum

44 2385 87 2426 in
118 2384 338 2437 speciebus
384 2383 478 2424 aliis
523 2385 743 2438 paulisper
788 2385 917 2428 aliam
963 2387 1260 2429 observarunt.
1320 2388 1369 2429 In
1400 2388 1574 2443 Wrang.

44 2452 207 2494 Haluro
239 2453 505 2507 cystocarpia
535 2455 885 2506 paranematibus
916 2455 1124 2497 destituta
1166 2456 1272 2497 vidit
1310 2457 1498 2512 Harvey,
1532 2460 1575 2499 in

44 2520 153 2571 aliis,
186 2534 368 2574 quorum
401 2522 667 2574 cystocarpia
697 2524 878 2577 cognita,
911 2527 1195 2577 paranemata
1226 2525 1396 2575 adsunt,
1428 2526 1574 2579 pauci-

44 2604 120 2631 ora
148 2589 193 2630 in
225 2588 453 2639 nonnullis,
485 2592 779 2633 numerosiora
810 2593 852 2633 in
884 2592 991 2641 aliis,
1031 2593 1299 2647 longitudine
1330 2608 1417 2648 qua
1446 2609 1574 2648 para-

43 2661 216 2699 nemata
247 2657 478 2711 gemmidia
509 2664 715 2711 superant
746 2675 916 2714 quoque
948 2661 1126 2703 diversa.
1186 2662 1234 2703 Iu
1269 2661 1356 2703 Wr.
1388 2663 1574 2716 setigera

42 2728 323 2779 paranemata
368 2726 547 2778 repetite
594 2727 837 2769 dichotoma
881 2743 976 2770 cuni
1006 2729 1203 2784 Harveyo
1234 2731 1331 2781 vidi,
1364 2730 1574 2784 simplicia

42 2793 87 2834 in
118 2793 314 2846 plurimis
359 2793 466 2834 aliis.
526 2794 575 2834 In
607 2796 840 2848 speciebus,
887 2810 1071 2850 quarum
1116 2797 1284 2839 ramelli
1330 2798 1572 2841 verticillati

43 2859 308 2916 rigidiusculi
340 2864 382 2902 et
411 2861 646 2913 divaricati,
679 2868 960 2917 paranemata
991 2869 1033 2906 et
1063 2865 1219 2906 ramuli
1254 2864 1571 2910 involucrantes
