1757 3114
131 96 437 150 Rlzodgsmenia.
705 95 1090 138 RHODYMENIACEAE.
1581 97 1658 138 331

230 224 278 264 p.
309 210 403 251 379.
452 208 659 262 Spt'zccroc.
707 209 940 252 corallimos
988 208 1110 263 Borgy
1156 210 1181 251 Z.
1211 226 1242 252 c.
1289 210 1371 252 tab.
1420 211 1484 250 16.
1533 209 1662 252 Kic'tz.

238 278 320 320 tab.
356 277 484 332 Phyc.
524 276 608 320 Vol.
645 277 828 321 XVIII
851 278 932 320 tab.
965 278 1030 318 91.

389 347 456 388 Ad
487 360 586 388 oras
618 347 840 388 chilenses.

215 414 351 450 Utrum
375 415 459 449 haec
484 415 531 449 ad
556 426 640 449 oras
667 415 783 450 Novae
809 413 1001 449 Zelandiae
1039 414 1231 458 obveniat,
1269 414 1448 449 decidere
1485 426 1560 449 non
1598 425 1660 448 au-

124 473 246 516 deam,
275 472 547 518 speciminibus
573 473 618 507 N.
646 471 851 516 Zelandiae,
879 483 961 515 quae
987 471 1116 506 forsan
1154 471 1232 506 sint
1257 471 1368 517 hujus
1395 471 1551 517 speciei,
1578 474 1661 506 tan—

125 532 205 564 tum
233 529 430 564 sterilibus
457 540 478 563 a
502 541 561 563 me
589 530 816 564 observatis.
868 528 1158 573 Sphaerosporas
1184 529 1224 562 in
1251 529 1355 564 disco
1374 531 1660 575 segmentorum

127 587 250 620 nullas
276 586 316 620 in
343 586 404 631 Sp.
433 586 675 621 Chilensibus
703 586 794 621 vicli.

123 657 160 698 6.
191 656 269 697 RH.
302 670 517 698 FOLIIFERA
547 656 708 710 (Ham).
745 656 874 710 Plzgyc.
907 658 1040 698 ausir.
1076 655 1176 709 Syn.
1206 669 1277 698 wo
1310 656 1412 712 508)
1450 654 1603 697 fronde
1634 669 1661 697 a

236 725 382 778 stipite
429 725 763 778 simpliciusculo
808 724 1063 767 flabellatim
1110 738 1302 778 expansa
1347 725 1660 778 decomposito-

235 793 491 843 dichotoma,
540 793 769 847 segmentis
807 793 1056 844 linearibus,
1095 793 1374 848 cystocarpiis
1408 793 1564 847 saepius
1596 793 1659 835 fo-

235 861 338 903 liola
367 861 544 915 propria
575 861 863 915 prolificantia
885 862 1207 915 occupantibus,
1230 875 1344 902 nunc
1365 875 1443 915 per
1462 861 1660 903 frondem

238 930 412 983 sparsis,
446 944 578 983 supra
608 931 812 984 paginam
843 930 1031 981 elevatis,
1065 930 1375 984 sphaerosporis
1414 929 1528 971 infra
1568 931 1659 983 api-

239 1012 330 1039 cem
362 1003 680 1051 segmentorum
712 1013 857 1041 sorum
902 998 1184 1041 rotundatum
1230 998 1533 1041 formantibus.
1577 999 1659 1041 Rh.

237 1067 477 1110 corallina?
509 1067 646 1110 Ham).
680 1067 777 1122 Alq.
809 1071 943 1110 azastr.
974 1082 1060 1110 exc.
1091 1081 1163 1110 wo
1196 1068 1288 1109 381.
1321 1067 1380 1109 B.

235 1135 301 1177 Ad
332 1136 497 1178 Novam
528 1136 816 1183 Hollandiam,
850 1136 1126 1178 Tasmaniam
1148 1140 1191 1178 et
1212 1136 1375 1178 Novam
1397 1136 1658 1179 Zelandiam.

120 1218 159 1258 7.
191 1216 269 1258 RH.
302 1231 615 1258 FLABELLIFOLIA
645 1217 788 1272 (Bury
819 1215 945 1271 Cossu.
975 1231 1046 1260 mo
1084 1218 1158 1273 65)
1204 1217 1464 1267 caulescens,
1513 1218 1659 1271 stipite

233 1285 432 1339 elongato
465 1286 629 1327 alterne
661 1300 842 1338 ramoso,
874 1286 1007 1328 ram-is
1038 1286 1082 1328 in
1113 1286 1287 1328 frondes
1310 1285 1565 1328 flabellatim
1587 1300 1658 1328 ex-

234 1368 392 1408 pansas
423 1354 1006 1409 decomposito-dichotomas
1038 1355 1311 1407 abeuntibus,
1345 1355 1577 1409 segmentis
1607 1355 1658 1395 li-

233 1423 435 1464 nearibus
468 1424 759 1477 cuneatisque,
792 1424 1072 1478 cystocarpiis
1104 1423 1443 1477 liemisphaericis
1474 1424 1519 1465 in
1539 1423 1658 1465 disco

233 1495 553 1545 segmentorum
583 1492 920 1545 penultimorum
951 1493 1177 1546 congestis,
1220 1492 1534 1546 sphaerosporis
1567 1526 1574 1533 .
1608 1527 1616 1534 .
1650 1527 1657 1534 .

232 1559 277 1602 J.
310 1560 392 1614 Ay.
427 1560 498 1614 Sp.
521 1575 568 1614 10.
593 1561 685 1602 380.
724 1561 978 1614 Splzcerocoe.
1003 1562 1304 1616 flabellffolius
1328 1562 1451 1616 Bory
1473 1563 1498 1604 Z.
1521 1577 1551 1604 c.
1574 1563 1657 1605 tab.

234 1630 296 1669 17.
332 1629 462 1670 Klete.
496 1630 577 1671 tab.
614 1629 748 1683 Phyc.
793 1629 880 1672 Vol.
918 1630 1105 1673 XVIII
1131 1631 1213 1672 tab.
1246 1632 1297 1672 92
1329 1634 1372 1672 et
1403 1631 1468 1672 93.

232 1696 281 1737 In
313 1697 483 1739 Oceano
515 1698 693 1751 pacifico
724 1698 780 1739 acl
811 1698 961 1741 littora
993 1699 1200 1741 Americae
1232 1699 1544 1741 meridionalis.

119 1788 195 1830 III.
229 1787 496 1831 CLINOPHORA
527 1790 841 1843 splcoerosporis
872 1792 918 1832 m
948 1805 1092 1834 sorum
1129 1791 1360 1834 evolutione
1398 1793 1529 1834 strati
1567 1806 1655 1834 cor-

230 1858 372 1900 ticalc's
416 1856 781 1911 nematlccciosmn,
828 1859 953 1913 infra
1006 1861 1149 1913 apices
1192 1860 1376 1914 frondis
1420 1874 1657 1914 expansmn

231 1927 423 1969 collectis.

117 2007 153 2047 8.
186 2006 266 2048 RH.
297 2020 484 2048 LINEARIS
516 2006 583 2061 (J.
616 2006 698 2061 Agl.
734 2007 873 2061 Symb.
907 2008 945 2050 I.
968 2021 1016 2061 p.
1050 2009 1121 2064 13)
1168 2008 1389 2062 stipitibus
1428 2007 1652 2063 elongato-

230 2074 503 2116 filiformibus
542 2075 635 2116 basi
681 2077 810 2117 ramis
858 2077 1070 2118 arcuatim
1116 2076 1291 2119 deflexis
1323 2081 1365 2118 et
1396 2077 1655 2131 adparatum

232 2143 465 2184 radicalem
496 2143 704 2185 fibrosum
736 2144 1038 2193 formantibus,
1072 2160 1256 2199 superne
1287 2147 1581 2188 erectiusculis
1613 2150 1655 2188 et

228 2211 271 2252 in
302 2210 476 2253 frondes
522 2212 788 2254 dichotomas
835 2212 1090 2255 flabellatim
1137 2228 1348 2268 expansas
1380 2215 1653 2266 abeuntibus,

228 2280 459 2332 segmentis
481 2280 719 2323 linearibus
741 2283 1000 2334 cuneatisve,
1025 2283 1144 2336 apice
1167 2297 1280 2336 saepe
1301 2283 1531 2336 proliferis,
1553 2297 1653 2336 pro-

229 2347 535 2390 lificationibus
567 2363 592 2390 a
621 2349 814 2392 filiformi
860 2352 1005 2405 stipite
1052 2352 1320 2401 exeuntibus,
1367 2353 1653 2407 cystoparpiis

227 2415 454 2469 apiculatis
486 2430 562 2469 per
592 2416 789 2459 frondem
836 2419 1010 2473 sparsis,
1059 2420 1370 2473 sphaerosporis
1416 2420 1461 2461 in
1506 2434 1653 2461 sorum

227 2483 539 2537 peltaeformem
570 2487 888 2529 nematheciose
921 2487 1150 2538 evolutum,
1197 2488 1363 2529 discum
1411 2492 1652 2542 segmento-

228 2567 339 2594 rumv
354 2553 646 2595 terminalium
678 2560 971 2609 occupantem,
994 2556 1196 2598 collectis.
1226 2556 1271 2598 J.
1295 2555 1376 2609 Agy.
1403 2556 1473 2609 Sp.
1488 2570 1535 2609 Ρ.
1558 2557 1651 2599 379.

227 2620 364 2663 Ham).
390 2620 458 2662 FZ.
485 2621 590 2663 Nov.
613 2623 699 2664 Zel.
712 2638 758 2676 p.
782 2625 874 2665 248.
911 2625 1040 2670 Koite.
1063 2625 1145 2665 tab.
1172 2623 1300 2677 Phyc.
1344 2624 1430 2681 Vol„
1468 2624 1658 2668 XVIII

226 2689 309 2731 tab.
343 2688 423 2729 91?
458 2688 780 2743 Stenogsramma
810 2693 1051 2745 interrupta
1070 2706 1161 2734 var.
1190 2692 1352 2734 sterilis
1384 2692 1519 2735 Harv.
1551 2693 1649 2747 Azy.

227 2761 362 2801 austr.
395 2771 481 2800 exc.
512 2771 583 2800 nso
615 2760 709 2801 377.

226 2827 332 2868 Hab.
363 2826 419 2868 ad
441 2840 538 2869 oras
559 2826 663 2870 Nov.
684 2828 943 2882 Hollandiae,
968 2828 1209 2872 Tasmaniae
1232 2832 1274 2872 et
1295 2828 1398 2873 Nov.
1421 2830 1648 2876 Zelandiae.
