1762 3036
100 57 123 95 (5
763 50 1000 91 CERAMIEAE.
1297 50 1646 94 (keillz'tlmmnion.

99 169 284 222 Harvey,
318 168 391 222 qui
424 166 601 208 favellas
635 163 851 207 normales
884 162 1181 205 Callithamnii
1212 165 1254 206 in
1288 164 1332 206 C.
1366 165 1549 208 Turneri
1572 165 1646 207 de-

100 237 253 291 pinxit,
286 240 332 277 at
369 237 413 277 in
458 235 540 276 hac
583 234 727 287 specie
772 232 890 273 intra
934 233 1137 274 ramellos
1183 247 1341 286 paucos
1387 234 1646 277 nidulantes.

99 305 371 359 Pringsheim
393 303 584 359 (Morplb.
609 303 683 344 der
699 304 863 343 Moero-5
880 300 976 355 Aly.
986 316 1034 355 p.
1052 304 1127 356 15)
1145 302 1342 355 plantam
1365 303 1648 358 Areschougii

101 372 474 416 observationibus
520 371 640 412 novis
686 370 937 423 illustravit,
973 385 1024 412 ex
1056 371 1215 424 quibus
1255 371 1512 413 concludere
1556 372 1648 413 vult

103 455 240 498 genus
271 440 489 494 quoddam
520 438 884 493 Spermothamnii
915 439 1220 480 assumendum
1244 453 1348 491 esse,
1371 440 1487 494 quod
1508 455 1648 495 neque

105 508 421 551 Callithamniis
454 522 591 562 neque
624 507 911 561 Wrangelieis
933 508 1183 561 pertineret,
1218 509 1291 549 sed
1322 509 1534 551 familiam
1566 511 1648 552 sibi

104 577 327 632 propriam
367 577 661 625 constitueret,
709 577 777 617 cui
825 591 879 617 an
917 577 1094 630 insuper
1141 577 1345 619 Bornetia
1391 579 1649 620 adnumera—

102 649 223 688 retur
254 645 437 686 dubitat.
499 645 595 698 Ipse
620 645 710 699 jam
742 648 841 685 ante
873 645 1031 686 multos
1063 659 1198 686 annos
1230 659 1395 699 organa
1425 646 1525 698 vidi,
1555 646 1650 700 qui-

105 715 186 756 bus
219 714 475 756 ducentibus
497 729 632 768 genus
655 728 809 755 novum
833 715 1188 765 constitueretur3
1221 719 1266 755 at
1287 715 1330 755 in
1353 715 1491 768 specie
1520 729 1649 769 quam

103 782 286 824 iudicavi
332 795 357 822 a
402 780 446 823 C.
492 781 675 823 Turneri
722 781 947 823 diversam.
1009 781 1116 823 Mihi
1166 796 1266 823 vero
1316 785 1464 823 utrum
1508 783 1651 836 potius

104 850 414 904 sphaerosporis
461 864 516 890 an
562 849 727 891 favellis
774 850 960 904 analoga
1004 854 1147 892 essent
1201 851 1381 893 dubium
1426 852 1650 905 adparuit:

104 919 147 959 111
187 918 490 971 speciminibus
536 918 680 959 fructu
726 919 915 972 quodam
960 918 1229 961 involucrato
1275 920 1510 971 instructis,
1556 935 1652 975 quae

105 987 276 1028 nomine
308 985 352 1027 C.
386 986 570 1028 Turneri
617 987 721 1028 mihi
768 1001 819 1028 ex
860 986 1017 1040 Anglia
1063 987 1194 1029 missa
1239 988 1426 1037 suerunt,
1475 988 1653 1031 favellas

106 1056 214 1097 bene
246 1055 440 1097 evolutas
472 1070 556 1096 non
588 1055 686 1095 vidi.
749 1055 836 1096 Nec
868 1059 1014 1096 tamen
1046 1055 1141 1096 ideo
1173 1055 1517 1116 observationem
1540 1057 1652 1098 Har-

106 1138 313 1178 veyanam
348 1124 471 1165 siccis
502 1124 696 1177 pedibus,
737 1128 785 1164 ut
806 1124 867 1164 ita
903 1123 1056 1174 dicam,
1078 1123 1266 1165 transire
1297 1138 1449 1166 aussus
1482 1139 1588 1176 sum,
1613 1130 1655 1167 et

108 1192 188 1234 hoc
220 1206 268 1233 eo
300 1192 441 1232 minus
473 1206 606 1245 quum
628 1206 679 1233 ex
702 1192 1077 1233 observationibus
1099 1196 1325 1233 auctorum
1347 1196 1496 1245 pateat
1517 1194 1656 1235 multa

107 1261 194 1302 alia
224 1261 451 1302 abnormia
487 1261 529 1301 in
563 1261 701 1313 specie
734 1275 864 1314 quam
896 1261 1184 1302 observarunt
1215 1275 1453 1302 occurrere.
1495 1260 1655 1305 Conce-

107 1330 170 1370 dit
202 1328 472 1383 Pringsheim
504 1342 679 1382 organa,
703 1343 798 1383 quae
820 1328 987 1370 favellis
1009 1328 1195 1382 analoga
1227 1328 1370 1377 habet,
1395 1343 1492 1370 cum
1514 1329 1653 1383 sphae-

107 1397 297 1451 rosporis
330 1400 372 1437 et
403 1396 660 1437 antheridiis
683 1396 726 1436 in
750 1396 900 1438 eodem
930 1396 1154 1437 individuo
1186 1396 1400 1447 obvenire,
1433 1397 1547 1450 quod
1565 1398 1656 1452 jani

107 1466 352 1520 unicuique,
386 1465 460 1518 qui
491 1465 682 1518 practico
715 1465 856 1507 studio
889 1464 1021 1519 Algas
1053 1465 1279 1518 amplexus
1302 1469 1378 1513 est,
1403 1465 1535 1508 dubia
1566 1481 1656 1509 mo-

108 1538 216 1575 veat.
278 1533 550 1587 Pringsheim
583 1533 832 1574 antheridia
863 1534 908 1575 in
939 1533 1134 1575 ramellis
1180 1533 1426 1575 terminalia
1470 1535 1657 1588 pedicel-

107 1603 197 1644 lata
229 1603 353 1651 vidit,
386 1603 476 1656 ipse
509 1603 755 1644 antheridia
794 1603 973 1651 sessilia,
1011 1603 1104 1645 loco
1145 1604 1548 1657 sphaerosporarum
1580 1606 1656 1648 ob-

108 1672 332 1718 venientia,
367 1671 601 1713 observavi.
662 1671 887 1725 Ejusmodi
917 1672 1219 1727 polymorphia
1250 1686 1513 1726 organorum
1552 1674 1657 1714 mihi

109 1740 227 1781 haud
259 1741 467 1783 normalis
499 1741 680 1782 videtur.
737 1741 846 1782 Hinc
867 1741 1222 1783 verisimillimum
1246 1742 1427 1794 adparet
1458 1742 1657 1795 quaedam

111 1822 276 1862 organa
308 1822 399 1850 esse
431 1809 705 1863 degenerata,
740 1809 854 1862 quod
887 1823 1058 1863 quoque
1098 1809 1252 1862 saepius
1293 1809 1487 1851 obtinere
1531 1811 1658 1853 credo

110 1877 152 1917 111
186 1877 236 1918 iis
266 1877 438 1930 plantis,
473 1891 568 1931 quae
599 1878 644 1918 in
674 1878 769 1931 ipsa
800 1881 957 1919 natura
988 1891 1014 1918 a
1043 1877 1229 1930 propriis
1262 1877 1365 1919 locis
1397 1882 1574 1932 arrepta
1593 1880 1657 1921 111-

111 1959 305 1987 crescere
350 1950 549 2000 pergunt,
597 1946 812 1999 praecipue
859 1950 1004 1987 autem
1044 1946 1095 1987 de
1127 1946 1179 1987 iis
1211 1946 1324 1987 valet
1355 1961 1451 2001 quae
1490 1948 1661 1990 cultura

111 2014 363 2064 educantur,
396 2028 507 2055 nunc
539 2015 600 2055 ita
631 2015 858 2056 abnormia
888 2018 937 2055 ut
967 2015 1138 2055 diversa
1176 2029 1338 2068 genera
1375 2015 1564 2059 formare
1596 2019 1659 2059 vi-

112 2082 330 2124 derentur.
392 2083 576 2125 Demum
621 2084 762 2125 dicere
810 2085 873 2125 fas
919 2088 984 2125 est
1015 2098 1150 2137 genus
1197 2098 1364 2135 novum,
1419 2085 1535 2138 quod
1566 2086 1662 2139 ipsa

112 2152 256 2205 typica
287 2152 438 2205 planta
469 2153 790 2205 quodammodo
823 2153 1046 2203 incertum,
1080 2167 1156 2194 nec
1188 2152 1399 2195 limitibus
1427 2155 1659 2208 cognitum,

111 2221 257 2262 fructu
289 2222 506 2274 capsulari
536 2222 579 2263 in
613 2222 835 2275 speciebus
866 2221 1077 2275 pluribus,
1111 2235 1219 2275 quas
1246 2223 1464 2274 proximas
1487 2224 1660 2265 credere

113 2290 248 2341 decet,
282 2291 473 2333 nondum
505 2292 745 2341 observato,
784 2291 827 2331 in
859 2291 1135 2345 systematica
1180 2291 1469 2344 dispositione,
1517 2292 1658 2334 dubiae

115 2359 348 2401 admodum
379 2358 582 2400 utilitatis
614 2373 718 2400 esse.
761 2359 872 2401 Hinc
903 2359 1022 2400 novis
1054 2359 1425 2402 observationibus
1456 2374 1547 2402 rem
1580 2361 1659 2402 du-

114 2427 231 2469 biam
263 2426 571 2469 illustrandam
603 2427 781 2469 credidi.

227 2495 397 2537 Genera
435 2495 740 2537 Thamnidium
770 2499 812 2536 et
843 2494 1181 2546 Antithamnion,
1214 2508 1309 2548 quae
1349 2495 1658 2550 sphaerosporis

115 2565 338 2605 cruciatim
370 2563 516 2605 divisis
547 2563 731 2604 fundata
762 2567 874 2612 sunt,
915 2578 966 2605 ex
1005 2562 1206 2616 analogia
1242 2577 1338 2603 cum
1378 2564 1526 2606 multis
1562 2565 1657 2607 aliis

116 2633 275 2673 certius
321 2631 570 2685 adoptanda
623 2632 883 2672 viderentur.
960 2630 1038 2671 Est
1083 2644 1183 2671 vero
1229 2631 1657 2675 animadvertendum

117 2700 440 2753 sphaerosporas
471 2700 551 2741 hoc
583 2704 781 2753 respectu
813 2699 1004 2740 diversas
1034 2699 1077 2739 111
1110 2699 1331 2751 speciebus
1362 2700 1567 2752 proximis
1590 2701 1655 2756 (C.

117 2767 321 2823 Byssoide
354 2772 395 2809 et
427 2767 470 2809 C.
502 2769 760 2821 interrupto,
792 2768 835 2808 in
866 2766 1029 2808 Plumis
1068 2770 1110 2807 et
1156 2764 1390 2823 Cruciatis)
1436 2769 1655 2819 obvenire3
