1762 3036
59 115 314 170 Gigyarttna..
692 112 975 155 GreARTmEAE.
1513 116 1588 159 201
1617 138 1619 150 1

170 241 300 282 supra
320 226 510 281 stipitem
531 227 776 269 breviorem
803 226 1259 279 cuneato-lanceolata,
1283 241 1465 282 superne
1488 241 1593 283 vage

168 299 243 338 aut
288 295 593 349 subpalmatim
641 296 858 345 laciniata,
897 294 1283 348 prolificationibus
1328 310 1354 338 a
1398 297 1592 350 margine

167 363 509 406 excrescentibus
542 364 714 406 demum
761 363 1033 417 subpinnata,
1081 365 1311 417 segmentis
1356 365 1592 419 majoribus

171 431 664 486 elongato-lanceolatis,
695 432 932 474 minoribus
978 432 1309 485 sublinearibus,
1356 433 1528 487 papillis
1567 448 1594 476 a

166 501 281 541 disco
321 505 363 542 et
404 501 598 554 margine
639 501 828 555 undique
867 501 1197 555 emergentibus,
1236 502 1513 556 cystocarpiis
1546 503 1589 544 in

166 568 330 622 papilla
361 569 567 610 solitariis
599 573 676 610 aut
706 569 910 622 pluribus,
944 569 1124 623 singulis
1156 570 1324 623 apiculo
1357 571 1483 612 unico
1515 574 1592 612 aut

163 638 359 691 pluribus
405 652 517 692 saepe
564 640 775 681 rostratis.
826 640 956 681 Kilizu
1003 640 1086 681 tab.
1137 640 1267 694 Pleyc.
1313 640 1401 682 Vol.
1438 640 1597 683 XVII

166 707 248 748 tub.
282 708 346 748 47.
380 707 519 749 Hurv.
555 708 656 749 Nor.
689 707 796 753 Bor.
828 707 1033 761 Amenp.
1062 710 1138 749 177
1164 709 1245 750 tab.
1275 709 1513 752 XXVIII
1531 710 1588 752 B.

165 776 216 819 G.
248 777 593 831 ormttlesorynelzfos
625 777 669 820 J.
704 777 785 832 Ay.
820 778 890 831 Sp.
914 792 960 831 1).
993 779 1086 820 274.

316 845 422 887 Hab.
457 847 511 887 ad
543 860 641 888 oras
672 844 930 889 Californiae.

49 974 118 999 *W*
167 975 411 1017 Frondibus
456 976 714 1028 adparent&
758 976 1108 1029 sineffbloiusculis
1144 977 1307 1031 foliola
1344 992 1587 1031 pcrmuynu

163 1044 379 1097 simplicia
410 1049 486 1087 aut
506 1059 668 1098 parum
700 1045 909 1087 lucinium
939 1047 1299 1097 constituentibus,
1321 1048 1588 1102 juvenilibus

164 1113 425 1166 spatlmlatis
469 1113 751 1166 simplic-ibus,
796 1114 1079 1156 adultioribus
1116 1130 1227 1168 Scope
1257 1132 1284 1158 u
1315 1118 1483 1160 surculo
1514 1132 1586 1160 ru-

160 1195 274 1223 moso
297 1182 657 1234 provenientibus.

47 1287 111 1327 35.
144 1287 192 1329 G.
228 1300 337 1327 rissA
370 1286 506 1341 (Sum
535 1287 580 1328 in
615 1286 752 1329 Flora
787 1289 892 1329 1836
927 1288 964 1329 Ι.
987 1302 1034 1341 20.
1067 1290 1141 1344 24)
1186 1302 1213 1330 a
1243 1290 1359 1332 disco
1405 1291 1587 1333 radicali

160 1355 372 1409 gregaria,
406 1356 621 1409 stipitibus
653 1356 865 1411 elongatis
896 1358 984 1398 ima
1028 1357 1122 1400 basi
1160 1359 1450 1402 teretiusculis
1489 1375 1585 1402 mox

160 1423 348 1477 planatis
380 1424 604 1477 angustius
636 1425 828 1470 cuneatis
860 1425 903 1466 in
935 1425 1131 1468 frondem
1171 1426 1458 1469 lanceolatam
1490 1443 1585 1470 sen-

161 1492 240 1533 sim
272 1492 531 1534 abeuntibus
568 1492 849 1546 simplicibus,
888 1498 963 1535 aut
994 1507 1019 1535 a
1050 1496 1244 1548 margine
1292 1496 1585 1549 subpinnatim

159 1561 353 1609 ramosis,
387 1561 522 1602 ramis
546 1561 588 1601 in
610 1560 759 1615 pliylla
780 1562 948 1602 minora
969 1563 1209 1604 consimilia
1232 1564 1444 1617 expansis,
1467 1564 1585 1605 fron-

157 1629 285 1671 dibus
316 1629 862 1671 carnoso—membranaceis
895 1630 1239 1684 simpliciusculis
1262 1636 1339 1673 aut
1359 1646 1465 1686 vage
1487 1633 1584 1686 plus

156 1697 295 1739 minus
327 1698 449 1745 fissis,
483 1697 774 1740 conformibus
799 1700 937 1740 autin
970 1699 1121 1741 fronde
1152 1701 1290 1754 magis
1321 1700 1423 1742 fissa
1455 1716 1583 1743 cune-

156 1765 583 1807 ato-sublinearibus.
619 1766 784 1808 Iridcea
803 1767 919 1820 fissa
955 1766 1066 1809 Suln·
1097 1768 1121 1809 l.
1154 1782 1185 1810 c.
1206 1768 1282 1822 figs.
1317 1769 1382 1810 26.
1416 1770 1584 1812 Iridaeu

155 1834 390 1876 lanceolata
424 1834 558 1876 Harv.
595 1834 664 1876 Fl.
701 1835 807 1876 Nov.
842 1835 929 1876 Zet.
952 1849 1001 1888 p.
1037 1835 1145 1877 252?

154 1901 264 1944 Hab.
296 1902 339 1943 in
371 1902 538 1944 Oceano
571 1902 751 1943 australi
783 1903 837 1944 ad
870 1902 960 1956 Cap
992 1904 1112 1946 Horn
1150 1904 1254 1960 (Hb.
1302 1905 1480 1962 Suhrl);
1528 1907 1583 1949 ad

308 1985 458 2012 novam
491 1971 739 2012 Zelandiam
772 1971 1067 2028 (Berggrenl).

132 2050 213 2085 Nisi
240 2050 452 2084 accuratius
478 2051 664 2095 inspecta,
691 2051 771 2085 liaec
797 2063 866 2095 pro
891 2051 1011 2086 forma
1041 2052 1083 2086 G.
1112 2053 1256 2088 radulae
1287 2053 1434 2090 facilius
1468 2055 1582 2091 habe-

41 2109 162 2147 retur:
201 2106 333 2141 eodem
370 2107 492 2150 modo,
531 2107 569 2141 ni
606 2107 732 2151 fallor⁷
770 2119 869 2142 nunc
905 2109 1027 2152 laevis,
1066 2121 1166 2144 nunc
1191 2110 1534 2155 prolificationibus
1562 2126 1582 2147 a

41 2163 144 2198 disco
172 2166 210 2197 ct
233 2163 406 2208 margine
431 2164 709 2208 pullulantibus
736 2165 940 2210 papillosa:
979 2166 1021 2199 In
1060 2166 1101 2200 G.
1141 2167 1230 2201 fissa
1267 2168 1420 2213 stipites
1459 2171 1579 2206 multo

41 2219 160 2265 magis
188 2220 372 2265 elongati,
398 2221 472 2255 ima
508 2224 657 2256 tantum
694 2221 776 2256 basi
814 2222 1067 2268 teretiusculi‚
1107 2236 1195 2259 mox
1231 2226 1377 2269 planati
1414 2227 1580 2262 lineares

41 2277 180 2312 sensim
209 2277 424 2322 sensimque
451 2278 490 2312 in
516 2278 690 2314 frondem
714 2280 827 2325 longe
855 2284 1053 2315 cuneatam
1086 2283 1283 2317 abeuntes.
1332 2283 1376 2317 In
1397 2284 1578 2328 juvenili—

15 2335 106 2369 *bus
145 2334 343 2369 frondibus
383 2336 685 2380 subspathulatis
725 2336 876 2381 stipites
916 2338 1020 2380 nudi,
1057 2338 1097 2372 in
1135 2339 1389 2375 adultioribus
1427 2354 1526 2376 nunc
1559 2354 1579 2376 a

38 2391 209 2437 margine
236 2392 274 2425 in
300 2392 432 2436 phylla
458 2393 670 2427 consimilia
701 2394 855 2428 abeunt.
905 2394 1002 2438 Ipsae
1028 2395 1182 2430 frondes
1210 2397 1365 2441 pedales
1393 2402 1432 2432 et
1457 2400 1578 2444 longi-

38 2460 137 2493 ores,
164 2450 253 2483 2—3
278 2449 437 2492 pollices
476 2450 680 2485 latitudine
718 2451 782 2485 vix
820 2456 1060 2496 superantes,
1100 2466 1199 2489 nunc
1237 2455 1429 2500 simplices
1469 2457 1576 2500 (Irid.

38 2505 249 2540 lanceolata
274 2506 434 2551 Ha1=v.?)
461 2520 559 2542 nunc
587 2509 704 2542 semel
731 2512 795 2542 aut
819 2520 951 2553 parum
977 2510 1182 2554 laciniatae,
1209 2511 1334 2547 axillis
1363 2513 1574 2549 acutiuscu-

37 2561 99 2606 lis,
124 2575 224 2597 nunc
250 2563 400 2597 iteratis
428 2564 572 2599 vicibus
599 2566 697 2600 fissae
725 2567 832 2610 (hid.
874 2566 963 2601 {issa
1001 2568 1127 2613 Suhr).
1177 2568 1220 2602 In
1247 2580 1347 2613 spec.
1375 2570 1576 2607 exsiccatis

38 2620 229 2666 margines
257 2621 396 2655 leviter
421 2621 624 2667 incurvati,
651 2624 756 2667 quasi
785 2625 957 2670 stipitem
983 2627 1143 2660 obscure
1170 2626 1463 2661 canaliculatum
1488 2641 1576 2664 eon-

39 2675 257 2712 stituerent.

128 2732 518 2779 Specimiuemisero,
545 2748 565 2770 a
591 2737 688 2771 Suhr
712 2738 841 2780 misso,
871 2738 964 2773 mihi
991 2742 1139 2773 tantum
1166 2739 1333 2785 cognito,
1353 2741 1400 2775 ad
1419 2742 1459 2776 G.
1482 2743 1574 2777 Bur-

37 2790 164 2824 manni
188 2791 259 2827 hoc
284 2792 527 2827 referendum
565 2795 729 2837 credidi3
768 2797 940 2841 pluribus
968 2810 986 2831 e
1013 2808 1111 2831 nova
1136 2797 1318 2832 Zelandia
1344 2799 1574 2846 observatis,

24 2846 205 2891 plantam
231 2848 357 2884 Suhrii
383 2861 467 2884 eum
493 2850 551 2886 his
578 2863 789 2898 congruere
815 2854 958 2899 putavi,
