1762 3036
119 136 197 179 148
691 127 1091 174 CRYPTONEMIACEAE.
1358 125 1654 181 Grateloupia.

117 264 229 304 saepe
247 250 296 292 fit
311 249 544 291 admodum
560 247 828 300 eonspicuus,
846 245 994 287 forsan
1011 243 1193 285 ulterius
1210 243 1464 294 exuberans,
1481 241 1655 295 plexum

116 321 340 374 proprium
369 319 541 360 filorum
572 315 784 366 reserens,
822 313 897 355 fila
935 314 1015 354 hoc
1047 312 1186 353 stadio
1218 311 1408 365 plurima
1439 324 1464 351 a
1495 308 1654 350 cellula

117 388 331 431 matricali
361 386 661 442 provenientia
690 384 1020 426 tri-dichotoma
1049 381 1285 434 fastigiata.

120 495 155 534 1.
186 493 232 534 P.
263 503 532 533 CONSTRICTUS
570 488 723 541 (Turn.
764 487 879 528 Hist.
922 485 1016 528 III
1034 499 1082 538 1).
1117 485 1192 540 40)
1224 482 1450 525 frondibus
1489 494 1516 521 a
1546 478 1656 521 callo

230 559 413 602 radicali
445 571 633 611 expanso
664 555 874 610 plurimis,
917 553 1173 608 compressis
1204 551 1442 594 linearibus
1474 548 1656 602 repetite

232 627 486 670 dichotomis
517 623 1005 676 flabellato-fastigiatis,
1038 622 1105 663 hio
1136 620 1223 662 illic
1254 618 1470 661 stricturis
1502 630 1656 671 parum

232 696 472 750 conspicuis
504 693 804 748 inaequalibus,
839 691 1071 745 segmentis
1099 689 1309 744 supremis
1331 687 1537 729 strictura
1557 685 1657 727 sub-

234 765 447 818 scparatis
480 761 748 818 cystocarpia
778 761 982 801 immersa
1024 758 1286 812 gerentibus.
1319 755 1365 799 J.
1398 754 1479 809 Ay.
1514 753 1585 807 Sp.
1611 767 1659 806 p.

233 834 325 875 239.
376 833 520 875 Fue-as
567 832 818 873 constrictus
868 829 1002 870 Turn.
1035 827 1059 868 l.
1093 842 1124 869 c.
1163 827 1246 868 tab.
1295 825 1387 867 152.
1436 822 1660 865 Chondrus

232 902 478 944 scutellams
513 901 643 943 Kritz.
676 900 757 941 tab.
795 898 922 952 Phyle.
967 897 1053 939 Vol.
1091 896 1255 939 XVII.
1288 895 1370 936 tab.
1404 894 1468 935 56.

289 982 337 1023 In
369 981 542 1023 Oceano
575 979 767 1022 Australi
801 978 856 1019 ad
887 976 978 1031 Cap
1010 978 1050 1019 b.
1082 976 1182 1030 Spei
1213 978 1257 1016 et
1286 973 1450 1016 Novam
1482 971 1660 1013 Hollan-

500 1049 628 1090 diam.

213 1144 398 1190 Speciem,
423 1147 466 1177 ut
491 1142 656 1183 videtur,
684 1152 760 1175 non
786 1139 984 1174 admodum
1010 1149 1148 1181 raram,
1167 1136 1231 1171 alii
1252 1136 1319 1170 snb
1339 1135 1491 1170 diverso
1511 1132 1661 1167 nomine

123 1202 203 1236 sine
242 1201 356 1236 dubio
393 1200 566 1234 afferunt.
615 1198 728 1242 Apud
764 1197 916 1240 Harvey
951 1195 1156 1239 Polyopem
1194 1203 1378 1236 nusquam
1415 1191 1662 1224 memoratum

122 1260 245 1294 viden.
296 1259 400 1292 [nter
426 1258 580 1291 formam
615 1256 823 1300 Capensem
851 1256 890 1287 et
917 1253 1032 1288 Novae
1066 1250 1280 1285 Hollandiae
1319 1246 1575 1283 differentiam
1600 1244 1663 1278 de-

122 1319 256 1361 tegere
282 1327 358 1350 non
386 1313 499 1348 valui.

124 1492 268 1542 ΧΧΙΧ.
305 1494 666 1559 GRATELourm
704 1498 785 1550 Ay.
821 1495 892 1548 Sp.
925 1493 1022 1547 Azy.
1056 1493 1094 1535 I.
1118 1506 1165 1547 p.
1197 1492 1290 1532 221.
1323 1489 1369 1532 J.
1401 1489 1483 1542 Ay.
1519 1487 1591 1541 Sp.
1614 1501 1662 1541 p.

240 1572 332 1611 177.

127 1690 262 1730 Frons
294 1683 692 1741 compresso-plana
723 1681 1167 1737 gelat-inoso-carnosa
1197 1678 1526 1719 membranacea
1553 1686 1664 1714 nunc

240 1756 536 1806 subtubulosa,
584 1753 830 1795 dichotoma
876 1750 1056 1804 pinnata
1100 1751 1178 1789 aut
1223 1742 1609 1800 prolificationibus
1641 1754 1666 1782 a

239 1827 399 1880 pagina
430 1825 561 1878 plana
583 1835 753 1877 quoque
776 1819 1096 1874 emergentibus
1117 1829 1301 1863 ramosa,
1325 1813 1475 1856 stratis
1496 1811 1665 1854 duobus

240 1898 459 1945 contexta3
497 1892 580 1933 filis
611 1889 891 1932 interioribus
931 1886 1174 1929 articulatis
1204 1885 1248 1926 in
1278 1882 1522 1932 reticulum,
1554 1893 1665 1921 nunc

241 1977 396 2017 parum
426 1959 704 2014 conspicuum
744 1955 1188 2005 anastomosantibus3
1221 1950 1506 1994 exterioribus
1537 1948 1666 1990 verti-

240 2031 406 2072 calibus
438 2027 798 2071 moniliformibus
831 2038 957 2066 muco
988 2026 1064 2065 aut
1093 2021 1258 2063 laxiore
1289 2023 1365 2060 aut
1386 2017 1667 2060 solidescente

242 2099 452 2141 cohibitis.
514 2095 795 2150 Cystocarpia
828 2108 904 2147 per
935 2091 1132 2133 frondem
1165 2102 1318 2143 sparsa
1349 2091 1424 2128 aut
1455 2084 1661 2139 irregula-

244 2169 333 2209 rius
364 2168 407 2208 in
440 2180 558 2207 soros
597 2164 787 2207 collecta,
820 2163 863 2203 in
894 2160 1054 2215 cryptis
1091 2158 1204 2199 infra
1242 2160 1427 2198 stratum
1466 2153 1667 2195 corticale

245 2235 459 2279 excavatis
490 2238 532 2274 et
563 2232 861 2275 secedentibus
882 2229 964 2271 filis
987 2228 1161 2282 apertis,
1185 2225 1383 2266 nucleum
1405 2223 1667 2277 adparenter

245 2304 493 2358 simplicem,
526 2307 662 2343 strato
694 2299 870 2354 proprio
902 2294 1271 2344 circumnucleari,
1301 2294 1385 2334 filis
1406 2291 1666 2334 reticulatim

242 2370 661 2415 anastomosantibus
707 2368 761 2409 ad
807 2365 1140 2420 carpostomium
1188 2360 1523 2403 conducentibus
1568 2361 1667 2400 cen-

244 2443 406 2489 stituto,
455 2441 640 2481 cinctum
686 2436 893 2482 foventia:
936 2433 1110 2476 nucleus
1141 2446 1167 2473 a
1198 2431 1328 2485 plexu
1363 2429 1534 2471 filorum
1573 2441 1667 2469 sen-

245 2512 323 2553 sim
370 2512 658 2551 transmutato
705 2509 837 2553 ortus,
876 2501 1042 2544 cellulis
1089 2499 1383 2542 matricalibus
1428 2496 1667 2539 numerosis

245 2584 361 2621 certo
391 2578 541 2620 ordine
581 2577 648 2618 vix
681 2573 896 2627 dispositis
942 2570 1292 2617 coalescentibus,
1336 2567 1506 2609 demum
1551 2578 1668 2619 gem-

245 2648 378 2689 midia
406 2645 595 2700 plurima
625 2644 792 2684 minuta
838 2637 1311 2690 rotundato-angulata,
1358 2633 1549 2688 gelatina
1578 2646 1668 2673 am-

246 2718 387 2758 biente
419 2715 509 2756 sine
548 2713 698 2754 ordine
737 2709 965 2762 conspicuo
1003 2706 1193 2747 cohibita
1223 2703 1458 2745 continens.
1524 2700 1667 2752 Sphae-

245 2797 433 2838 rosporoe
478 2786 615 2824 strato
660 2778 853 2821 corticali
892 2778 1116 2823 immersae‚
1151 2785 1312 2827 sparsae
1343 2769 1567 2812 cruciatim
1604 2768 1667 2809 di-

251 2858 361 2899 visae.
