1757 3114
106 107 383 160 Gloiopldcea.
400 151 404 155 ,
654 105 1153 146 HELMINTHOCLADIACEAE.
1555 97 1634 137 509

104 221 155 262 Ν.
186 234 411 262 Fimcomns
447 220 576 260 Kiitffe.
608 219 691 260 tab.
727 217 854 271 Pleye.
898 215 985 257 Vol.
1021 213 1147 256 XVI
1165 213 1247 255 tab.
1269 214 1333 253 65.
1366 225 1387 252 e
1420 210 1521 250 Nov.
1554 208 1634 249 Ca-

217 289 398 330 ledonia.

105 356 157 397 N.
189 370 382 397 comosum
405 355 596 407 Meneyh.
629 355 675 396 J.
707 354 788 406 Ay.
824 352 894 404 Sp.
919 365 966 404 p.
991 351 1084 391 419.
1108 349 1299 391 Zcmard.
1324 348 1439 390 Icon.
1463 346 1635 388 Acir-iat.

217 427 298 467 tab.
330 427 394 466 54.
428 425 476 465 In
509 424 732 465 adriatico,

104 567 240 617 ΓΧΧΙ.
279 569 621 616 GLOIOPHLAEA
659 575 703 616 J.
737 574 818 626 Ay.
851 571 981 614 Be'dr.
1017 569 1182 612 Flore'd.
1217 570 1327 623 Syst.
1350 584 1398 623 p.
1431 570 1495 610 28.

104 682 238 721 Frons
291 679 561 734 cylindracea
621 674 1215 730 gelatinoso-membranacea
1264 673 1508 714 dichotoma
1557 672 1636 712 im-

216 761 353 789 merse
385 752 563 797 costata,
586 746 734 787 stratis
766 744 854 784 fere
885 743 1024 784 tribus
1057 745 1277 786 contexta:
1312 741 1402 782 axis
1434 740 1516 781 filis
1547 740 1636 781 fere

215 816 502 858 inarticulatis
534 814 742 867 elongatis
774 809 1117 864 simpliciusculis
1139 810 1181 849 in
1203 809 1446 850 columnam
1468 809 1633 850 medul-

216 886 351 926 larem
382 884 477 926 laxe
509 883 733 929 intricatis,
768 884 889 923 extra
920 879 1029 920 hanc
1062 878 1351 931 sparsioribus
1373 878 1427 918 ad
1451 881 1634 918 stratum

217 953 530 1007 periphericum
563 951 735 1004 oblique
766 935 1104 991 excurrentibus,
1136 945 1208 986 fila
1239 946 1509 998 peripherica
1546 959 1635 986 mo-

202 1020 491 1067 ,i‘iiliformiter
523 1018 755 1060 articulata
787 1015 1287 1067 dichotomo-fastigiata,
1321 1027 1443 1054 muco
1481 1013 1635 1054 laxiori

216 1089 418 1134 cohibita„
456 1087 657 1127 facillime
690 1085 945 1135 secedentia,
978 1082 1301 1125 sustinentibus.
1356 1081 1634 1135 Cystocarpessa

222 1157 336 1198 infra
357 1160 538 1197 stratum
574 1155 892 1208 peripliericum
925 1165 1145 1205 suspensa,
1169 1151 1317 1191 nucleo
1340 1151 1528 1204 globoso,
1552 1151 1636 1191 filis

213 1226 505 1267 ambientibus
545 1224 796 1265 densissime
836 1221 1078 1263 intertextis
1110 1220 1268 1263 clauso,
1301 1220 1635 1272 carpostomium

211 1307 358 1335 versus
381 1297 543 1346 aperto,
567 1292 820 1337 constituta:
853 1290 926 1331 fila
958 1288 1272 1341 gemmidiifera
1301 1288 1490 1340 plurima
1510 1287 1636 1328 fasci-

211 1362 368 1409 culata,
416 1375 442 1402 a
473 1360 712 1414 placentari
758 1359 886 1412 plexu
932 1357 1072 1398 nuclei
1118 1361 1360 1398 extrorsum
1406 1356 1635 1403 radiantia,

212 1431 661 1472 fasciculato-ramosa
683 1427 1110 1470 submoniliformiter
1142 1425 1386 1471 articulata,
1420 1426 1536 1465 intra
1567 1431 1636 1465 a'r-

213 1500 365 1541 ticulos
403 1499 634 1553 gemmidia
679 1498 845 1538 minuta
892 1494 1333 1537 rotuiidato-obovata
1385 1494 1634 1536 evolventia.

216 1569 532 1622 Sphoerosporce
565 1602 572 1608 .
606 1600 614 1607 .
649 1601 654 1608 .

214 1672 359 1713 Genus
390 1671 570 1712 Seinaiae
602 1674 649 1711 ut
680 1670 848 1711 videtur
879 1670 1133 1722 proximum,
1166 1668 1319 1709 habitu
1350 1668 1411 1708 ita
1441 1667 1568 1708 simili
1592 1670 1638 1708 ut

100 1741 335 1795 specimina
366 1740 536 1782 nomine
569 1739 748 1780 Scinaiae
779 1738 1018 1779 furcellatae
1050 1751 1075 1777 a
1098 1736 1266 1790 Harvcy
1288 1735 1523 1777 distributa
1544 1735 1636 1776 fue-

100 1811 206 1860 rint3
260 1811 480 1850 structura
532 1807 696 1848 frondis
750 1806 967 1847 interioris
1014 1809 1056 1845 et
1108 1804 1251 1845 fructu
1305 1804 1522 1857 capsulari
1576 1805 1637 1846 ita

99 1891 271 1931 quoque
317 1876 581 1925 conveniens,
629 1880 677 1916 ut
722 1875 766 1916 in
812 1874 1035 1928 speciebus
1067 1874 1273 1926 proximis
1313 1873 1381 1914 vix
1413 1873 1549 1927 major
1582 1873 1637 1914 sit

99 1945 392 1999 congruentia.
453 1943 647 1985 Stratum
694 1957 792 1984 vero
831 1942 1148 1996 periphericum
1180 1941 1345 1983 frondis
1376 1942 1431 1982 ad
1464 1942 1636 1982 omnino

99 2015 316 2056 diversum
347 2017 495 2068 typum
527 2011 780 2053 confectum.
827 2011 874 2051 In
906 2010 1175 2063 Gloiophlaea
1207 2010 1407 2051 nimirum
1439 2014 1538 2051 sunt
1565 2010 1638 2051 fila

100 2083 371 2138 peripherica
402 2081 759 2135 opuntiaeformia,
783 2079 976 2121 articulis
998 2079 1231 2120 contractis
1253 2079 1500 2127 constituta,
1524 2079 1638 2120 infra

101 2152 266 2205 apicem
297 2150 468 2191 articuli
499 2149 735 2191 umbellam
767 2148 1047 2189 articulorum
1080 2147 1361 2189 conformium
1385 2147 1635 2197 emittentia,

100 2219 402 2262 terminalibus
425 2218 619 2259 articulis
641 2217 966 2270 angustioribus
990 2216 1266 2265 subdamus,
1290 2216 1490 2257 omnibus
1513 2230 1635 2256 muco

101 2288 318 2330 ambiente
350 2286 561 2327 cohibitis.
622 2286 672 2326 In
703 2285 872 2327 Scinaia
905 2288 1056 2326 contra
1086 2283 1250 2325 cellulae
1282 2284 1407 2325 strati
1438 2284 1635 2336 periphe-

102 2356 179 2397 rici
211 2353 701 2408 5——Gagono-angulatae
733 2354 776 2394 in
808 2356 992 2394 stratum
1035 2353 1285 2393 continuum
1323 2351 1505 2392 firmiter
1536 2366 1635 2393 con-

103 2428 311 2467 crescunt.
352 2422 622 2476 Gloiophlaea
651 2423 799 2476 itaque
821 2421 964 2475 quoad
986 2421 1065 2462 hoc
1089 2424 1274 2461 stratum
1296 2419 1634 2461 Helminthocla-

104 2494 185 2535 diis
215 2491 510 2546 propinquior.
570 2491 607 2531 A
637 2490 878 2532 Generibus
910 2490 1065 2531 horum
1097 2491 1317 2529 structura
1358 2488 1561 2530 interiore
1593 2492 1636 2529 et

101 2561 316 2615 praecipue
346 2559 490 2600 fructu
520 2558 737 2612 capsulari
768 2558 939 2600 abunde
972 2556 1127 2598 differt.
1188 2556 1237 2597 In
1268 2556 1537 2610 Gloiophlaea
1563 2557 1637 2598 fila

102 2630 311 2671 interiora
332 2627 475 2670 omnia
495 2627 661 2682 (axilia,
684 2630 726 2668 et
748 2640 842 2681 quae
865 2626 920 2668 ad
942 2629 1126 2667 stratum
1148 2624 1463 2678 periphericum
1486 2639 1635 2668 excur-

103 2701 218 2750 runt,
250 2700 292 2738 et
321 2695 748 2751 infra-peripherica)
781 2699 881 2737 sunt
912 2693 1102 2748 ejusdem
1125 2696 1304 2744 naturae,
1327 2708 1480 2747 nempe
1511 2698 1634 2736 tenu-

102 2767 260 2815 issima,
293 2766 397 2807 tubo
437 2764 768 2806 endochromate
805 2763 1008 2804 interiore
1045 2762 1235 2803 colorato
1273 2775 1495 2816 percursa,
1528 2764 1634 2805 arti-

104 2834 210 2875 culis
241 2834 331 2875 fere
363 2833 492 2874 nullis
524 2832 783 2886 conspicuis3
831 2832 963 2873 axilia
1007 2830 1250 2873 columnam
1281 2830 1516 2874 centralem
1547 2831 1634 2874 effi·
