1757 3114
1583 92 1660 134 681

127 210 279 253 referat,
305 208 346 244 P.
360 208 652 255 himantophora
676 207 802 255 potius
816 205 1068 243 Prionitidem
1086 207 1274 242 crederes.
1301 206 1345 241 In
1362 205 1424 240 Pr.
1441 205 1661 241 dichotoma

127 266 426 313 prolificationes
452 278 473 301 a
498 266 602 302 disco
628 269 666 301 et
690 265 863 311 margine
901 275 1002 310 saepe
1038 263 1279 308 proveniunt,
1317 262 1493 309 eaespites
1527 263 1663 298 densos

128 325 294 360 minutos
319 324 540 369 formantes,
566 336 648 369 quae
675 327 718 358 ut
741 322 835 369 ipsae
862 321 1014 357 frondes
1041 321 1280 365 dichotomae,
1306 320 1345 355 in
1370 331 1486 356 novas
1511 320 1664 355 frondes

130 382 273 418 sensim
299 386 535 417 excrescant.
585 382 629 416 In
654 381 715 415 Pr.
748 379 1041 424 himantophora
1077 378 1374 424 prolificationes
1413 380 1502 412 sunt
1525 377 1663 422 margi-

129 440 234 474 nales
261 442 301 474 et
336 438 491 474 frondes
529 437 696 473 reddunt
733 437 882 472 demum
922 435 1057 470 eximie
1095 434 1290 479 pinnatas;
1327 433 1569 479 angustiores
1595 434 1666 469 hoc

128 496 239 532 modo
263 494 550 530 ramificationis
583 505 752 530 normam
779 491 1072 537 Calliblepharis
1094 491 1251 536 jubatae,
1277 490 1432 526 latiores
1460 490 1498 525 C.
1525 490 1663 526 ciliatae

129 553 208 588 fere
234 551 377 588 referre
404 552 591 587 dicantur.

128 660 225 701 pag.
262 647 341 688 160
371 645 427 687 ad
458 624 827 700 Cryptonemiam:

243 740 460 793 Impressa
485 738 576 794 jam
606 736 795 792 plagula,
827 749 923 791 quae
961 734 1233 777 characteres
1264 737 1307 776 et
1338 734 1500 788 species
1531 732 1665 787 Cryp-

128 807 327 850 tonemiae
359 806 654 856 adumbraret,
695 805 858 859 species
889 804 984 845 duae
1016 803 1122 844 mihi
1153 802 1333 856 cognitae
1369 801 1546 844 fuerunt
1577 815 1666 843 sec-

128 876 258 919 tionis
289 876 499 926 secundae,
533 874 691 928 quibus
723 872 980 915 ducentibus
1010 875 1131 926 patet
1161 871 1455 912 characterem
1486 870 1666 913 Generis

128 945 190 986 ita
221 957 312 986 esse
342 942 693 997 amplificandum
726 945 773 983 ut
803 940 1071 996 cystocarpia
1101 943 1144 980 et
1165 939 1487 993 sphaerosporas
1508 939 1552 980 in
1573 938 1669 992 ipsa

128 1013 292 1055 lamina
336 1012 502 1054 frondis
547 1025 660 1053 1111110
706 1009 876 1053 evoluta
920 1009 1157 1063 permittat.
1223 1009 1542 1063 Spliaerosporae
1586 1008 1667 1050 hoc

130 1082 257 1123 modo
289 1081 602 1135 provenientes,
641 1081 684 1121 111
716 1083 852 1122 strato
890 1078 1085 1120 corticali
1124 1090 1279 1131 parum
1308 1081 1474 1119 mutato
1505 1090 1667 1131 sparsae

129 1149 375 1200 obveniunt,
407 1148 650 1191 rotundatae
683 1151 725 1189 et
754 1147 979 1189 cruciatim
1010 1146 1169 1188 divisae.

236 1217 407 1272 Species
439 1230 570 1268 novae,
602 1220 702 1258 ante
734 1214 803 1258 Cr.
835 1215 1116 1257 seminervem
1147 1214 1387 1257 inserendae
1419 1214 1524 1256 mihi
1545 1216 1666 1257 sunt:

125 1337 423 1378 CRYPTONEMIA
455 1349 640 1377 onovATA
672 1334 740 1390 (J.
788 1334 870 1388 Ay.
916 1335 1064 1389 mser.)
1110 1332 1361 1375 brevissime
1407 1332 1667 1382 caulescens‚

238 1405 362 1447 caule
394 1405 438 1446 in
468 1403 652 1445 laminas
684 1403 839 1457 planas
870 1401 1295 1451 cuneato-obovatas‚
1335 1414 1448 1442 nunc
1479 1400 1669 1454 subvage

240 1473 544 1528 (laceratione)
581 1486 711 1526 parce
743 1471 997 1523 subdivisas,
1036 1471 1231 1524 margine
1261 1469 1564 1523 integerrimas
1595 1472 1671 1510 aut

241 1542 414 1584 demum
444 1541 730 1582 minutissime
761 1539 1019 1590 crenulatas,
1052 1553 1164 1581 nunc
1196 1538 1238 1580 in
1260 1537 1408 1593 phylla
1429 1551 1538 1580 nova
1568 1552 1668 1579 con-

240 1610 397 1653 formia
427 1613 734 1661 excrescentes
767 1609 966 1659 abeunte,
990 1607 1211 1662 stipitibus
1233 1606 1517 1661 complanatis
1539 1620 1669 1648 nervo

240 1679 333 1721 fero
364 1678 483 1720 nullo
515 1678 744 1732 conspicuo
791 1677 1065 1728 continuatis,
1112 1676 1393 1731 cystocarpiis
1424 1675 1546 1718 initio
1578 1689 1669 1717 ma-

242 1747 362 1790 culas
394 1746 655 1797 indefinitas,
689 1747 862 1788 demum
884 1749 1020 1788 totam
1054 1745 1320 1799 superiorem
1351 1748 1521 1798 partem
1552 1744 1669 1786 fron-

243 1816 308 1858 dis
340 1816 651 1870 occupantibus
684 1815 774 1857 sine
806 1815 955 1856 ordine
986 1814 1237 1856 densissime
1269 1814 1442 1867 sparsis.

395 1885 461 1926 Ad
494 1898 593 1926 oras
626 1883 887 1926 Californiae.

222 1976 438 2022 Specimina
462 1987 593 2021 pauca,
621 1987 703 2020 quae
731 1975 824 2020 vidi,
844 1975 986 2010 sistunt
1004 1976 1174 2020 plantam
1193 1974 1256 2009 vix
1275 1973 1532 2019 Gpollicarem,
1559 1985 1673 2019 supra

131 2035 289 2078 caulem,
316 2033 437 2068 lineas
463 2044 600 2078 paucas
627 2033 781 2078 longum
801 2044 970 2078 vageque
992 2032 1168 2076 divisum,
1196 2032 1235 2066 in
1263 2031 1377 2066 ramis
1402 2030 1556 2066 frondes
1584 2031 1670 2065 sim-

130 2093 262 2138 plices,
289 2091 411 2135 quoad
436 2090 594 2125 formam
620 2090 797 2125 Iridaeam
834 2090 983 2124 edulem
1021 2089 1100 2124 fere
1138 2089 1290 2124 omnino
1327 2089 1551 2132 referentes,
1585 2088 1670 2122 sub-

132 2149 274 2184 stantia
310 2149 510 2184 chartacea
547 2148 900 2194 Cryptonemiarum
939 2151 977 2183 et
1014 2149 1140 2183 colore
1177 2158 1314 2182 carneo
1351 2146 1498 2181 facilius
1538 2145 1668 2190 digno-

131 2207 305 2250 scendas,
330 2206 517 2251 gerentia.
553 2206 725 2241 Frondes
746 2206 938 2250 juveniles
964 2205 1108 2240 habent
1133 2204 1345 2250 marginem
1362 2202 1672 2248 integerrimunu

131 2263 340 2299 adultiores
361 2263 625 2298 subundulatae
647 2265 685 2297 et
704 2266 863 2298 externa
882 2262 932 2306 vi,
951 2265 992 2297 ut
1011 2263 1177 2306 videtur,
1197 2262 1373 2295 laceratae
1393 2259 1557 2294 offerunt
1572 2269 1670 2293 mar—

131 2321 259 2366 ginem
285 2320 564 2365 (cicatricatum
576 2320 608 2365 ?)
636 2321 888 2355 incrassatum
916 2323 954 2354 et
980 2319 1234 2354 minutissime
1254 2317 1503 2352 crenulatum.
1540 2316 1670 2360 Cysto-

130 2379 259 2423 carpia
295 2378 373 2413 vidi
400 2389 499 2412 nunc
523 2378 563 2412 in
587 2379 752 2413 maculas
792 2379 936 2414 ambitu
973 2377 1194 2412 indefinitas
1221 2376 1395 2419 collecta,
1421 2386 1521 2409 nunc
1559 2385 1672 2418 supra

131 2439 250 2471 totam
278 2434 512 2480 superiorem
538 2439 685 2480 partem
719 2435 863 2471 frondis
891 2436 969 2470 fere
997 2446 1102 2478 aeque
1129 2434 1260 2477 densa,
1288 2435 1398 2467 extra
1422 2430 1581 2477 paginas
1608 2441 1670 2475 pa-

130 2505 212 2527 rum
238 2492 464 2537 prominula,
492 2495 684 2527 structura
710 2492 875 2538 generis.
914 2492 1196 2537 Sphaerosporae
1216 2500 1362 2534 quoque
1381 2487 1419 2522 in
1438 2488 1522 2532 ipsa
1538 2487 1673 2523 fronde

131 2550 194 2584 vix
220 2550 432 2584 incrassata
457 2549 739 2594 provenientes,
767 2552 888 2585 strato
914 2548 1087 2584 corticali
1114 2548 1177 2582 vix
1202 2547 1242 2581 in
1260 2546 1324 2580 fila
1341 2545 1568 2581 brevissima
1586 2556 1671 2580 evo-

129 2609 211 2643 luto
236 2608 439 2650 immersae,
466 2619 606 2652 sparsae
644 2609 859 2643 rotundatae
899 2610 937 2642 et
973 2605 1169 2640 cruciatim
1207 2604 1354 2639 divisae.
1403 2603 1513 2638 Nunc
1545 2602 1674 2637 foliola

130 2664 338 2700 conformia
362 2676 382 2698 a
406 2664 577 2709 margine
605 2667 670 2698 aut
694 2664 797 2699 intra
828 2664 1039 2709 marginem
1065 2660 1330 2707 provenientia
1355 2658 1446 2694 vidi.
1496 2658 1673 2693 Sectione

130 2721 276 2756 frondis
302 2720 553 2755 transversali
578 2720 677 2754 facta
703 2724 932 2756 structuram
970 2718 1050 2754 vidi
1088 2717 1266 2759 Generis:
1305 2716 1483 2750 nimirum
1510 2718 1672 2750 stratum

129 2777 292 2813 interius
319 2777 393 2811 filis
420 2779 642 2812 contextum
668 2789 780 2822 parce
808 2776 981 2819 ramosis,
1000 2775 1062 2810 hic
1081 2775 1162 2809 illic
1187 2773 1551 2814 intumescentibus:
1578 2775 1674 2806 stra-

130 2838 209 2871 tum
247 2834 440 2879 corticale‚
478 2834 627 2869 cellulis
665 2834 912 2870 interioribus
951 2845 1082 2879 parum
1119 2832 1327 2877 majoribus
1355 2834 1394 2865 et
1418 2829 1673 2865 exterioribus
