1757 3114
82 87 340 130 Plocamion.
650 85 1033 126 RHODYMENJACEAE.
1528 84 1607 125 343

188 201 280 240 400.
332 198 592 251 Tlmnmofflz.
646 199 870 253 Telfairioe
917 197 1054 240 Harv.
1089 198 1114 238 Z.
1148 212 1179 239 c.
1210 199 1257 239 in
1286 196 1420 238 Hoolc.
1452 196 1608 239 Journ.

188 269 226 311 I.
253 283 296 321 2).
332 269 422 309 147.
455 267 537 308 tab.
576 268 662 307 125.

340 335 450 377 Hab.
483 335 537 376 ad
571 335 762 377 Insulam
794 335 1000 382 Mauritii.

162 404 322 441 Nomine
347 405 403 438 Pl.
431 404 597 439 coccinei
622 409 655 447 β.
691 407 804 438 tenue
841 403 1007 448 Kiitzing
1033 403 1072 436 in
1113 403 1199 438 Tae).
1228 403 1343 448 Phyc.
1389 402 1469 437 Vol.
1510 402 1616 436 XVI

72 463 142 498 tab.
168 462 211 495 41
237 461 394 496 formam
421 461 608 505 quandam
635 462 773 507 pinxit,
800 472 882 505 quae
919 459 1205 495 ramificationis
1243 472 1373 495 norma
1399 461 1445 495 ad
1472 460 1608 495 sectio-

71 530 156 553 nem
180 517 362 553 Plocamii
388 517 584 562 pertinere
611 518 774 552 videtur.
824 517 920 551 Huic
958 516 1015 550 Pl.
1054 515 1245 551 Telfairiae
1282 517 1398 552 Harv.
1425 519 1467 551 ut
1493 517 1609 562 Syno-

70 588 208 621 nymon
235 574 393 621 (ibidem
419 586 505 621 pag.
534 576 592 619 15)
617 576 749 620 refert,
776 574 904 610 nescio
930 585 1003 618 qua
1027 564 1188 609 ratione.

74 658 136 699 13.
168 657 238 698 PL.
269 670 462 697 ABNORME
494 656 647 708 (Hoolc.
679 661 715 699 et
762 655 899 698 Hccrv.
945 654 1044 708 Aly.
1095 655 1203 697 Nov.
1249 655 1336 698 Zel.
1382 656 1427 698 m
1472 654 1607 697 Hoolc.

186 724 340 768 Journ.
365 738 412 777 2).
444 725 546 780 543)
578 725 749 778 caespite
781 724 1056 778 subglebosQ
1103 722 1256 782 vfronde
1302 727 1430 764 tenue
1474 737 1608 764 mem-

183 794 400 836 branacea
431 797 614 847 anguste
636 792 791 835 lineari
813 793 1088 835 subecostata
1114 792 1609 845 decomposito-pinnata

183 876 368 917 superne
401 862 651 904 densissime
681 876 864 914 ramosa,
903 862 1036 903 ramis
1075 861 1434 916 subcorymbosis,
1465 861 1608 915 pinnis

184 932 351 973 alterne
398 931 591 985 geminis,
639 931 842 973 inferiore
887 931 1142 984 laciniisque
1188 930 1422 984 superioris
1460 944 1487 971 a
1516 930 1608 971 basi

181 999 336 1042 latiore
368 1000 625 1041 acuminatis
657 999 870 1041 subulatis
910 999 1143 1053 saepissime
1174 999 1478 1053 integerrimis,
1511 1012 1607 1052 spo-

182 1069 391 1124 rophyllis
423 1083 544 1111 secus
576 1069 730 1111 axillas
762 1069 931 1111 seriatis
962 1068 1308 1122 simpliciusculis
1337 1072 1413 1110 aut
1434 1068 1607 1121 parcius
1635 1105 1638 1107 .

182 1138 328 1179 divisis
368 1137 633 1189 lanceolatis‚
679 1137 1001 1191 sphaerosporas
1043 1137 1203 1190 duplici
1236 1137 1344 1179 serie
1376 1136 1607 1190 dispositas

181 1206 538 1248 monstrantibus.
571 1206 616 1249 J.
651 1206 730 1260 Ay.
768 1206 838 1260 Sp.
861 1220 908 1260 10.
942 1207 1034 1248 401.
1069 1206 1207 1248 Harv.
1242 1206 1344 1248 Ner.
1367 1209 1501 1248 auser.
1525 1206 1607 1247 tab.

185 1275 375 1317 XLIII.
410 1275 540 1316 Kritz.
572 1276 654 1317 tab.
692 1275 821 1329 Phyc.
866 1275 952 1318 Vol.
988 1275 1110 1318 XVI
1142 1276 1223 1318 (ab.
1256 1276 1321 1317 50.

334 1342 442 1384 Hab.
475 1343 529 1384 ad
561 1343 724 1385 Novam
755 1344 1018 1385 Zelandiam.

158 1411 210 1446 Ut
235 1411 316 1446 haec
344 1411 496 1456 Species
523 1411 616 1445 mihi
643 1412 796 1458 cognita
821 1415 893 1456 est,
914 1412 992 1457 jam
1019 1423 1040 1446 a
1064 1412 1186 1457 primo
1212 1413 1394 1457 adspectu
1420 1411 1500 1446 fere
1526 1411 1607 1457 dig-

66 1472 264 1512 noscatur3
292 1469 469 1515 caespites
496 1470 676 1504 nimirum
703 1471 950 1506 densissimos
978 1472 1057 1506 fere
1083 1472 1261 1517 globosos
1289 1471 1416 1515 efficit,
1434 1471 1549 1505 ramis
1568 1470 1607 1505 in

66 1527 248 1563 inferiore
273 1530 382 1573 parte
409 1528 628 1571 denudatis,
655 1539 769 1572 supra
794 1529 958 1563 medium
991 1528 1217 1563 densissime
1251 1527 1521 1573 decompositis
1547 1540 1606 1562 co-

66 1585 268 1630 rymbosis,
307 1585 470 1630 singulis
508 1586 623 1620 ramis
663 1586 795 1620 eodem
831 1586 942 1621 modo
982 1586 1145 1620 evolutis
1184 1585 1381 1630 caespitem
1407 1586 1607 1631 globosum

65 1643 328 1678 formantibus.
363 1643 472 1678 Rami
490 1643 529 1677 in
547 1642 725 1679 inferiore
744 1646 853 1689 parte
872 1643 1115 1679 crassiusculi
1131 1643 1458 1689 subcartilaginei,
1473 1643 1607 1678 fronde

67 1711 231 1746 superne
259 1699 396 1734 eximie
423 1701 721 1735 membranacea.

67 1782 130 1822 14.
165 1781 234 1822 PL.
268 1794 489 1822 ANGUSTUM
520 1780 588 1834 (J.
619 1781 700 1834 Ay.
736 1781 873 1835 Symb.
898 1796 945 1835 p.
981 1782 1051 1834 10)
1093 1781 1244 1824 fronde
1276 1782 1608 1824 membranacea

181 1853 364 1903 anguste
395 1849 549 1891 lineari
581 1851 955 1904 costato-ancipite
993 1851 1427 1904 pectinato—pinnata,
1466 1851 1607 1893 rachi-

181 1918 306 1959 dibus
339 1918 499 1960 strictis
531 1918 813 1969 rectiusculis,
836 1920 977 1973 pinnis
1000 1920 1166 1962 alterne
1188 1921 1380 1974 geminis,
1404 1921 1606 1963 inferiore

178 1987 434 2042 laciniisque
466 1989 702 2042 superioris
734 2002 759 2029 a
791 1990 885 2031 basi
915 1989 1070 2031 latiore
1101 1991 1359 2031 acuminatis
1391 1990 1606 2033 subulatis

179 2056 334 2109 saepius
365 2056 670 2110 integerrimis,
704 2057 993 2112 sporophyllis
1024 2059 1068 2099 in
1100 2058 1232 2100 axilla
1263 2058 1531 2100 fruticulosis
1565 2063 1607 2101 et

179 2139 300 2166 secus
332 2126 548 2179 margines
589 2126 760 2168 seriatis
800 2127 1147 2181 simpliciusculis
1184 2133 1260 2169 aut
1296 2128 1468 2182 parcius
1501 2128 1606 2170 divi-

179 2194 236 2235 sis
268 2193 519 2236 lanceolatis
551 2195 874 2248 sphaerosporas
907 2196 1069 2249 duplici
1101 2197 1210 2237 serie
1233 2196 1463 2250 dispositas
1486 2211 1605 2238 mon-

178 2262 433 2304 strantibus.
479 2262 525 2305 J.
559 2263 641 2317 Ay.
684 2263 755 2317 Sp.
785 2278 833 2317 p.
879 2265 971 2306 402.
1023 2265 1153 2307 Kic'te.
1199 2265 1280 2307 tab.
1332 2265 1460 2319 Plesyc.
1518 2265 1605 2308 Vol.

184 2330 311 2372 XVI
338 2331 419 2372 tab.
450 2332 517 2373 48.

177 2399 243 2440 Ad
276 2398 440 2441 Novam
487 2399 765 2442 Hellandiam
811 2401 1073 2453 inferiorem,
1107 2402 1383 2444 Tasmaniam
1429 2406 1471 2444 et
1502 2402 1604 2444 Nov.

331 2468 594 2511 Zelandiam.

155 2549 408 2594 Sporophylla
432 2549 472 2583 in
498 2550 568 2584 hac
594 2552 734 2596 specie,
755 2555 795 2586 ut
813 2552 851 2586 in
871 2552 970 2596 aliis,
993 2565 1059 2597 pro
1079 2556 1193 2587 aetate
1212 2553 1407 2597 paulisper
1434 2552 1603 2595 divers-<13

65 2607 160 2640 bene
186 2606 339 2640 evoluta
363 2605 562 2641 fruticulos
590 2608 768 2643 axillares
807 2609 976 2643 efficiunt
1002 2614 1040 2644 et
1066 2621 1229 2654 superne
1268 2612 1459 2654 praeterea
1496 2622 1603 2645 secus

63 2665 255 2710 margines
283 2665 437 2708 seriata,
464 2665 614 2710 singula
640 2679 753 2712 supra
777 2668 1007 2712 pediccllum
1041 2668 1259 2701 evidentem
1298 2668 1514 2703 breviorem
1540 2671 1605 2702 aut

63 2721 277 2767 longiorem
304 2722 518 2756 lanceolata
544 2743 585 2747 -ψ
613 2725 839 2759 sub-effoeta
863 2725 985 2770 magis
1013 2725 1160 2759 clavata
1187 2746 1241 2767 —‚
1268 2726 1431 2770 plurima
1459 2725 1602 2770 simpli-

65 2779 135 2823 cia,
161 2780 235 2813 alia
269 2779 417 2812 furcata
453 2783 517 2814 aut
555 2781 759 2825 geminata.
789 2803 829 2806 ——
857 2782 915 2816 Pl.
940 2781 1125 2826 pusillam
1162 2783 1273 2817 Semi.
1312 2782 1412 2817 Ploc.
1451 2783 1604 2829 angusti

64 2837 230 2871 varietas
257 2848 277 2870 a
302 2836 453 2880 Harvey
479 2836 518 2870 in
545 2837 631 2881 Syn.
658 2839 745 2883 Alg.
773 2842 890 2873 austr.
919 2838 1073 2873 dicitur.
