1757 3114
128 99 399 152 Nizymem'a.
684 96 1104 138 SPHAERococcomnAE.
1576 94 1654 135 397

123 224 296 254 ramosa
325 210 572 252 intumescit
603 214 645 252 et
675 210 723 252 fit
753 210 909 252 cellula
952 207 1156 250 centralis
1201 207 1393 250 colorata
1436 204 1658 260 placentae,

124 295 176 323 ex
207 294 293 334 qua
322 280 432 321 rami
462 281 681 321 numerosi
711 279 882 321 filorum
914 278 1330 320 anastomosantium
1352 279 1521 319 exeunt.
1562 275 1659 317 Fila

124 349 397 402 praegnantia
428 349 646 402 regionem
677 347 1048 401 hemisphaericam
1081 349 1304 400 occupant,
1335 358 1467 399 supra
1487 343 1659 398 placen-

123 421 212 458 tam
243 416 437 459 basalem
469 430 495 458 a
525 418 683 458 vertice
715 420 757 458 et
787 415 997 458 lateribus
1029 418 1272 456 extrorsum
1294 413 1528 464 radiantia3
1560 416 1661 453 sunt

124 485 395 540 longiuscula
425 489 468 527 et
498 485 760 540 adparenter
790 484 1012 538 simplicia,
1045 482 1555 536 fasciculam-fastigiata,
1582 494 1661 535 per

124 557 260 596 totam
290 554 603 608 longitudinem
633 555 696 596 ita
725 554 976 596 densissime
1008 552 1251 606 constipata
1281 556 1329 594 ut
1359 551 1539 593 invicem
1570 549 1660 591 fere

126 623 353 678 conjuncta
397 623 575 671 diceres,
623 622 817 665 articulis
862 621 1061 676 plurimis
1099 620 1382 676 cylindraceis
1414 619 1661 662 constituta.

126 691 311 732 Articuli
342 692 531 746 supremi
562 691 842 745 praecociores
872 703 950 744 per
980 703 1133 731 zonam
1179 689 1495 731 concentricam
1533 687 1662 730 simul

126 762 477 809 maturescentes,
524 759 801 802 inferioribus
847 758 1052 809 articulis,
1084 758 1128 799 ni
1158 756 1300 805 fallor,
1347 758 1504 799 sensim
1549 758 1661 798 inse-

127 829 368 882 quentibus.
428 828 671 870 Gemmidia
716 833 888 870 matura
931 827 1113 869 invicem
1158 825 1297 869 libera
1340 827 1439 882 (nec
1470 826 1662 880 gelatina

127 897 333 951 cohibita)
364 897 486 939 initio
516 898 561 939 in
591 911 743 940 zonam
789 909 921 950 supra
959 895 1035 937 fila
1078 895 1348 949 praegnantia
1378 894 1661 948 colliguntur3

126 970 227 1008 sunt
255 966 345 1008 fere
376 958 650 1022 cylindracea
681 971 722 1008 et
751 969 965 1015 truncata,
998 965 1192 1019 apicibus
1223 965 1372 1007 leviter
1403 964 1662 1013 rotundatiS,

127 1050 203 1077 suo
235 1037 444 1078 diametro
489 1036 578 1078 fere
624 1036 753 1090 triplo
791 1035 998 1089 longiora.
1059 1034 1200 1088 Supra
1244 1034 1444 1076 nucleum
1488 1033 1664 1087 insuper

126 1104 291 1146 cellulae
321 1105 509 1147 minores
540 1105 742 1147 coloratae
775 1103 1274 1158 angustato-rotundatae
1312 1103 1356 1144 in
1395 1115 1546 1144 zonam
1575 1101 1663 1142 col-

127 1173 248 1215 lectae
281 1187 394 1215 nunc
426 1173 596 1222 adsunt,
630 1187 738 1228 quas
770 1173 897 1215 strati
934 1172 1179 1214 intermedii
1210 1171 1376 1213 frondis
1407 1170 1566 1212 sterilis
1597 1184 1664 1211 re-

126 1242 284 1296 liquias
315 1242 505 1297 conjicio.
567 1242 898 1296 Sphaerosporas
929 1240 1095 1283 frustra
1125 1240 1314 1295 quaesivi.

241 1311 304 1352 De
335 1310 543 1352 affinitate
575 1311 755 1352 Generis
787 1310 862 1351 alii
894 1309 1024 1351 aliam
1055 1309 1239 1363 professi
1277 1312 1378 1351 sunt
1409 1308 1664 1362 opinionem.

128 1378 409 1434 Cystocarpia
439 1380 547 1421 bene
577 1382 750 1421 matura
794 1378 970 1420 tandem
1014 1378 1158 1419 videre
1203 1377 1380 1428 credidi,
1425 1390 1477 1418 ex
1507 1375 1665 1430 quibus

129 1448 340 1491 deducere
385 1447 538 1490 vellem
582 1448 726 1490 Genus
772 1460 865 1489 esse
910 1446 1228 1500 Phacelocarpo
1274 1445 1537 1500 proximum3
1583 1442 1665 1484 filis

128 1517 463 1573 gemmidiiferis,
496 1517 824 1573 gemmidiorum
856 1516 1133 1570 dispositione
1165 1520 1207 1557 et
1237 1515 1378 1558 forma
1409 1515 1453 1556 in
1474 1518 1661 1568 utroque

131 1601 286 1641 genere
316 1588 510 1641 proxime
542 1586 890 1640 congruentibus.
932 1584 1108 1627 Cellulae
1140 1585 1356 1635 coloratae,
1380 1587 1504 1626 extra
1524 1583 1666 1637 ipsum

129 1655 402 1698 nucleumin
434 1656 581 1698 orbem
620 1655 851 1708 dispositae,
890 1669 969 1708 pro
1006 1654 1249 1708 gemmidiis
1280 1654 1336 1695 ab
1381 1654 1554 1694 incauto
1598 1650 1663 1692 fa-

129 1724 209 1766 cile
240 1724 478 1779 habentur3
509 1724 588 1765 has
627 1737 725 1765 vero
771 1737 864 1765 esse
909 1724 1036 1765 strati
1080 1722 1324 1765 intermedii
1370 1721 1591 1776 reliquias,
1623 1721 1667 1762 in

131 1793 228 1834 aliis
259 1793 501 1847 generibus,
534 1791 747 1834 subsimili
779 1795 998 1834 structura
1028 1792 1262 1843 instructis,
1294 1804 1464 1847 quoque
1495 1789 1667 1832 obveni-

131 1865 263 1913 entes,
296 1860 422 1903 facile
452 1864 665 1915 putarem.

133 1967 168 2006 1.
201 1964 292 2007 Niz.
322 1978 541 2006 AnsTnAms
572 1964 722 2017 (δοκεῖ.
755 1964 780 2006 Z.
812 1966 866 2021 c.)
897 1963 1049 2006 fronde
1087 1963 1242 2006 lineari
1278 1962 1668 2018 prolificationibus

245 2047 271 2075 a
300 2034 496 2088 margine
518 2033 837 2088 emergentibus
865 2032 1167 2086 decomposita,
1190 2034 1453 2086 adparenter
1473 2032 1667 2086 pinnata,

244 2102 409 2143 ultimis
461 2102 625 2144 obtusis
684 2102 866 2156 basique
918 2101 1160 2143 constrictis
1213 2100 1668 2143 cuneato-linearibus.

246 2170 384 2213 Harv.
421 2170 550 2225 Phyc.
583 2175 719 2213 austr.
751 2171 949 2213 tab 165.
981 2169 1272 2224 Areschouyia
1304 2169 1497 2224 conferta
1530 2168 1668 2211 Harv.

245 2239 344 2293 Azy.
377 2244 512 2282 austr.
543 2241 691 2283 exsicc.
713 2241 895 2294 partim.
933 2239 1074 2282 Gelid.
1113 2241 1389 2293 compositum
1422 2239 1554 2281 Karta.
1586 2238 1670 2280 tab.

251 2309 380 2363 Phyc.
425 2309 514 2351 Vol.
550 2308 738 2352 XVIII
764 2309 846 2351 tab.
879 2309 944 2350 49.

396 2388 501 2431 Nov.
533 2389 767 2431 Hollandia
797 2389 1015 2431 australis.

226 2468 425 2514 Specimen
450 2467 637 2513 originale
665 2467 938 2504 Sonderianum
975 2479 1051 2503 non
1088 2467 1179 2502 vidi.
1228 2466 1460 2512 Nizymeniae
1498 2465 1670 2510 quaedam

135 2525 342 2572 specimina
361 2526 406 2560 ab
423 2524 575 2569 Harvey
587 2524 699 2561 initio
724 2536 808 2560 cum
826 2525 1088 2571 Areschougia
1111 2524 1282 2559 conferta
1307 2524 1515 2559 distributa
1539 2522 1670 2566 fuisse,

134 2582 216 2628 ipse
241 2582 383 2618 docuit.

135 2749 270 2799 xcvl.
308 2750 735 2799 PHACELocARPUS
786 2757 916 2801 Endl.
948 2761 985 2798 et
1017 2755 1139 2798 Dies.
1187 2754 1286 2798 Bot.
1332 2754 1438 2797 Zeit.
1486 2755 1592 2796 1845
1622 2768 1670 2807 p.

250 2830 343 2870 290.
374 2829 420 2871 J.
454 2827 536 2882 Ay.
570 2828 644 2881 Sp.
670 2841 715 2881 p.
747 2829 840 2869 646.
