1757 3114
99 97 178 137 37ss
726 95 1014 144 SQUAMARIEAE.
1431 97 1626 141 Cruoria.

98 211 206 253 patet
231 210 359 254 plures
387 209 530 255 speeies
558 211 626 245 sub
653 210 785 245 eodem
823 210 973 243 nomine
1011 209 1215 254 venditari,
1247 211 1346 254 quod
1372 222 1519 255 quoque
1545 211 1627 255 ipse

98 266 138 300 in
169 266 340 311 Speoieb.
379 267 509 311 Algar.
549 266 811 302 demonstrare
847 268 1004 300 conatus
1044 278 1139 309 sum,
1177 267 1367 301 volumine
1403 267 1628 312 Rupreehtii

99 323 265 357 nondum
289 323 380 357 mihi
408 323 573 368 cognito.
599 323 735 357 Planta
761 323 1001 363 Ochotensis,
1029 334 1140 366 quani
1164 324 1314 358 nomine
1341 324 1507 359 Cruoriae
1533 324 1628 358 Mid-

99 379 283 414 dendorffi
307 379 527 424 intelligere
553 380 718 423 videtur,
745 380 951 414 seeundum
983 379 1129 414 iconem
1155 379 1281 414 datam
1311 380 1520 416 Petrooelis
1547 392 1629 426 spe-

99 435 195 470 ciem
221 436 456 471 constituere
482 437 650 481 apparet.

101 601 330 651 ΙΑΧΧΧΠῙ·
367 604 592 659 CRUORIA
632 613 769 656 Fries.
801 613 844 655 J.
878 612 959 667 Ay.
994 613 1065 666 Sp.
1088 626 1134 665 p.
1166 613 1259 654 490.

100 716 236 757 Frons
267 715 591 757 horizontaliter
623 730 812 770 expansa
842 716 926 757 filis
959 715 1233 757 verticalibus
1265 716 1505 757 articulatis
1529 717 1632 758 den-

213 784 376 826 sissime
410 785 590 837 stipatis,
631 799 754 825 muco
800 783 931 825 fluido
978 783 1204 826 obvallatis
1249 785 1492 826 constituta.
1555 785 1632 839 Cy-

212 853 429 905 stoearpzfa
461 886 468 893 .
502 886 509 893 .
542 887 549 894 .
582 887 589 893 .
642 852 955 905 Sphcerosporae
985 852 1039 893 ad
1070 851 1143 893 fila
1174 852 1389 901 laterales,
1421 853 1631 895 transfor-

215 920 404 962 matione
424 921 535 962 rami
559 925 675 972 ortae,
700 920 1084 974 clavato-oblongae
1109 921 1294 962 zonatim
1317 921 1631 975 quadridivisae.

215 1025 276 1066 De
308 1024 516 1066 affinitate
546 1025 674 1079 hujus
705 1025 884 1066 Generis
916 1025 1174 1066 dissentiunt
1194 1028 1402 1066 auctores.
1443 1025 1492 1065 In
1516 1025 1636 1067 Liste

103 1094 176 1135 des
207 1092 369 1146 Alyues
400 1094 589 1135 marines
621 1093 670 1135 de
702 1091 939 1146 Cherbomy
979 1093 1123 1134 Genus
1170 1092 1378 1134 familiam
1424 1093 1505 1135 sibi
1537 1107 1635 1146 pro-

104 1162 257 1215 priam,
290 1161 401 1202 inter
432 1160 870 1214 Batrachospermeas
894 1166 936 1202 et
960 1161 1254 1215 Wrangelieas
1285 1161 1503 1209 insertam„
1536 1176 1634 1202 con-

103 1231 257 1272 stituit.
298 1231 347 1271 In
381 1230 449 1272 JJZ.
475 1230 630 1272 Fe'ozist.
663 1228 768 1273 Celzi
799 1230 970 1271 Crouan
1002 1231 1164 1284 speeies
1190 1229 1380 1272 Cruoriae
1403 1230 1457 1271 ad
1480 1229 1635 1270 Nema-

101 1300 190 1341 lion
221 1299 408 1350 ducitur,
441 1298 610 1353 adjecta
642 1299 940 1341 observatione
973 1300 1132 1352 species
1172 1299 1350 1341 Generis
1390 1299 1451 1340 ita
1481 1299 1638 1340 consti-

102 1368 186 1409 tuti
216 1367 328 1409 inter
359 1367 593 1417 Florideas,
626 1365 758 1409 Codio
790 1367 1029 1409 adhaerenti
1060 1372 1102 1409 et
1133 1366 1264 1409 Codio
1295 1368 1494 1420 elongato
1525 1368 1638 1408 inter

104 1436 411 1489 Zoospermeas
449 1427 598 1477 formae
646 1435 901 1477 differentiis
948 1436 1152 1489 analogas
1184 1450 1287 1477 esse.
1350 1436 1502 1488 Ignota
1533 1435 1639 1476 mihi

103 1500 470 1559 eystooarpiorum
516 1508 735 1546 structura
780 1508 1091 1558 praematurum
1137 1518 1287 1546 censeo
1334 1504 1386 1545 <le
1432 1504 1637 1545 affinitate

102 1573 337 1627 disputare.
380 1573 469 1614 Hoc
501 1577 645 1615 tamen
676 1587 891 1614 moneam:
924 1573 974 1613 In
1005 1572 1188 1614 Cruoria
1218 1572 1280 1625 (J.
1316 1572 1411 1625 Ay„
1445 1572 1506 1613 Le
1529 1572 1639 1614 lolis

104 1646 142 1684 et
175 1640 365 1694 Cromna>
397 1641 706 1695 spliaerosporae
738 1641 782 1682 in
812 1640 894 1681 filis
925 1639 1139 1692 laterales,
1174 1640 1360 1682 zonatim
1392 1640 1549 1691 divisae,
1574 1644 1641 1681 sat

106 1711 215 1754 bene
247 1712 429 1765 cognitae
474 1711 687 1752 videntur.
747 1711 797 1751 In
828 1709 1137 1765 Nemalioness)
1183 1710 1504 1762 sphaerosporas
1550 1723 1640 1749 om-

105 1781 205 1821 nino
237 1780 427 1821 diversas
460 1779 556 1831 vidi,
590 1793 742 1832 nempe
773 1779 816 1819 in
847 1778 1041 1819 articulis
1088 1777 1387 1818 terminalibus
1434 1777 1641 1817 formatas

108 1852 152 1890 et
182 1848 399 1902 triangule
431 1848 601 1889 divisas.
643 1847 692 1889 In
724 1848 876 1901 specie,
909 1860 1039 1900 quam
1071 1846 1126 1887 ad
1160 1845 1382 1887 Nemalion
1414 1858 1440 1885 a
1461 1843 1642 1885 Cruoria

105 1916 425 1958 transtulerunt
456 1914 640 1962 Crouain
664 1916 972 1969 spliaerosporae
1006 1915 1192 1956 zonatim
1223 1913 1367 1953 divisae
1399 1912 1642 1953 obveniunt.

107 1984 182 2026 Sin
212 1985 273 2025 ita
304 1984 614 2037 spliaerosporis
660 1983 864 2025 differant
909 1981 1089 2023 Cruoria
1135 1985 1177 2022 et
1210 1979 1445 2030 Nenialion,
1479 1983 1643 2020 certum

107 2067 278 2108 quoque
309 2053 415 2094 mihi
445 2053 613 2095 videtur
644 2053 787 2094 nullas
819 2067 911 2094 esse
943 2052 1069 2093 hodie
1108 2051 1310 2095 rationes,
1344 2048 1503 2102 species
1536 2049 1642 2089 utri-

106 2136 243 2176 usque
287 2122 466 2163 Generis
512 2122 555 2161 in
600 2135 734 2162 unum
779 2121 1050 2174 conjungere.
1112 2119 1247 2168 Quam
1297 2118 1352 2158 sit
1389 2117 1559 2158 difficile
1591 2131 1640 2158 ex

109 2193 330 2232 structura
374 2189 538 2231 frondis
578 2189 629 2230 de
662 2188 868 2229 affinitate
915 2187 1220 2229 Floridearum
1261 2186 1471 2240 judicium
1517 2185 1641 2237 ferre,

107 2258 297 2312 plurima
342 2258 468 2299 hodie
514 2258 666 2298 (locent
719 2256 923 2309 exempla.
998 2254 1119 2305 Quod
1165 2255 1319 2295 attinet
1363 2253 1642 2308 eystocarpia,

110 2341 205 2382 quae
237 2327 280 2368 in
320 2326 434 2369 Awm.
469 2327 532 2370 Sc.
568 2327 668 2368 Nat.
701 2327 726 2366 4
760 2324 848 2367 Ser.
879 2329 973 2366 tom.
1006 2326 1029 2365 9
1067 2324 1133 2366 Pl.
1167 2324 1189 2364 3
1209 2324 1285 2377 figs.
1332 2324 1386 2364 A.
1432 2337 1458 2363 a
1503 2322 1643 2363 Celeb.

203 2490 236 2535 ²¹²)
263 2490 323 2524 Me
350 2489 503 2524 omnino
541 2490 640 2535 fugit
676 2501 749 2533 qua
785 2489 934 2523 rationo·
959 2500 978 2522 a
1005 2488 1081 2522 Cel.
1121 2487 1267 2521 Thuret
1299 2487 1355 2529 (in
1381 2486 1491 2521 Rech.
1516 2497 1583 2520 sur
1609 2487 1645 2520 la

113 2546 273 2582 Fecoml.
300 2547 359 2581 des
387 2546 576 2581 Floriclees
597 2559 635 2591 p.
663 2549 698 2591 7)
725 2546 878 2589 dicitur,
905 2545 1141 2589 eystocarpia
1160 2556 1243 2578 esse
1269 2544 1418 2577 unicam
1443 2542 1645 2576 fructifica-

111 2605 226 2640 tionis
252 2605 409 2639 formam
435 2617 518 2648 quae
544 2605 583 2638 in
609 2604 813 2639 Nemalieis
841 2604 962 2637 adest.
998 2604 1079 2637 Non
1108 2605 1254 2635 tantun]
1282 2601 1318 2634 in
1341 2601 1451 2644 longo
1471 2600 1645 2644 plurimis

113 2662 323 2697 Generibus
352 2662 614 2696 Floridoarum
640 2662 768 2695 forime
797 2661 880 2706 ‚duae
909 2660 1162 2704 (oystooarpia
1189 2662 1226 2692 ct
1246 2658 1538 2702 splioerosporae)
1558 2669 1644 2702 eog-

113 2720 203 2754 nitae
233 2722 334 2761 sunt,
360 2719 414 2752 ita
439 2721 480 2752 ut
506 2719 571 2752 has
599 2719 636 2752 in
663 2718 838 2752 omnibus
868 2717 967 2751 voris
994 2716 1182 2750 Floridois
1209 2715 1389 2750 obvenire
1417 2717 1561 2748 certum
1590 2715 1644 2749 vi-

115 2777 264 2815 doatur;
292 2777 359 2810 sed
385 2776 669 2821 spliaerosporas
697 2775 735 2808 in
761 2775 981 2809 Nonmliono
1014 2775 1126 2818 longe
1154 2776 1266 2807 antea
1291 2773 1580 2806 observaveram
1608 2776 1646 2807 et

109 2835 187 2879 jam
213 2834 251 2868 in
278 2836 386 2878 parte
413 2832 519 2877 Spec.
545 2833 691 2878 Algar„
718 2843 800 2876 quae
827 2843 925 2866 anno
953 2832 1038 2865 1852
1065 2829 1222 2875 prodiit,
1249 2828 1540 2873 descripseram.
