1762 3036
105 131 184 171 184
705 132 982 174 GICARTINEAE.
1286 134 1635 187 Rlzodogylossmn.

215 244 475 287 reticulatim
509 245 794 287 ambientibus
827 246 1005 301 invicem
1036 247 1238 297 distincti,
1263 247 1496 297 rotundati,
1520 244 1634 301 gem-

205 313 348 361 midja
377 314 584 366 pauciora
616 314 1092 367 rotundato-angulata,
1124 316 1214 356 sine
1236 316 1385 357 ordine
1408 316 1635 369 conspicuo

216 380 474 435 conglobata
505 382 784 423 continentes.
827 382 1141 435 Sphcerosporae
1171 383 1214 423 in
1246 398 1364 425 soros
1396 384 1483 424 fere
1516 398 1635 437 cryp-

216 455 284 490 tas
316 450 526 491 rotundas
558 450 672 491 infra
704 450 973 504 superficiem
1004 450 1252 499 formantes„
1286 452 1450 493 ambitu
1482 451 1636 492 subde-

216 517 360 558 finitas
406 518 608 568 collectae,
656 519 780 572 quasi
825 519 869 559 in
915 519 1046 559 series
1093 519 1293 560 radiatim
1335 524 1638 573 convergentes

219 586 449 640 dispositae,
483 587 724 629 rotundatae
757 588 981 629 orueiatim
1014 588 1169 629 divisae.

219 736 474 778 Differentia
511 736 727 778 Generum
767 736 970 787 Chondri,
1012 737 1175 778 Iridaeae
1209 742 1250 778 et
1280 738 1516 791 Gigartinae
1549 742 1640 779 tum

105 806 150 846 in
181 805 335 846 habitu
366 804 546 853 diverso,
579 808 671 845 tum
702 805 744 845 111
778 809 999 846 structura
1030 809 1072 846 et
1113 806 1197 846 situ
1228 806 1458 856 fruetuum,
1500 807 1544 847 in
1575 807 1640 847 his

107 874 345 917 Generibus
376 873 596 926 paulisper
627 874 805 924 diverso,
838 889 905 916 me
931 874 1087 928 judice,
1121 874 1341 928 hucusque
1381 875 1519 928 posita
1548 874 1641 916 fuit.

107 942 346 996 Gigartinae
403 942 563 994 species
618 946 660 983 et
712 942 877 989 habitu„
939 945 981 984 et
1035 944 1312 997 cystocarpiis
1359 944 1455 996 plus
1502 944 1642 984 minus

107 1015 231 1052 extra
261 1010 458 1051 frondem
489 1009 755 1064 prominulis,
787 1011 912 1064 quasi
933 1011 1174 1064 pericarpio
1196 1016 1372 1053 externo
1394 1012 1641 1062 instructas,

107 1080 162 1121 ab
194 1078 289 1120 aliis
320 1079 489 1120 facilius
522 1079 772 1133 dignoscere
804 1080 935 1120 licuit.
988 1081 1153 1122 Formae
1185 1095 1284 1122 vero
1316 1080 1543 1129 nonnullae,
1576 1094 1642 1120 re-

108 1149 274 1189 centius
305 1148 412 1188 mihi
444 1149 638 1201 cognitae,
672 1147 739 1188 his
770 1148 874 1201 ipsis
897 1148 1222 1190 characteribus
1255 1150 1316 1190 ita
1346 1150 1458 1190 inter
1489 1149 1643 1201 Gigar-

109 1218 223 1258 tinas
255 1220 297 1258 et
329 1216 527 1257 Iridaeam
559 1216 825 1258 intermediae
857 1217 1166 1270 adparuerunt,
1199 1223 1246 1259 ut
1277 1218 1457 1259 dubium
1479 1218 1643 1258 videre-

109 1289 181 1326 tur
212 1290 360 1326 utrum
392 1285 466 1325 uni
497 1298 552 1325 an
601 1284 727 1325 alteri
772 1285 923 1326 melius
971 1286 1229 1328 referantur.
1289 1286 1511 1341 Ejusmodi
1542 1286 1646 1327 mihi

111 1357 212 1395 sunt
243 1354 474 1407 Gigartina
504 1353 761 1403 lanceolata,
804 1353 958 1395 Iridaea
994 1354 1182 1396 foliifera
1222 1362 1351 1409 atque
1383 1354 1540 1395 Iridaea
1570 1369 1645 1407 po-

111 1423 302 1477 lycarpa⁰⁷
335 1436 442 1475 quas
475 1422 649 1475 quidem
697 1422 814 1463 nullo
861 1437 1062 1476 expresso
1109 1423 1236 1464 dubio
1282 1423 1337 1464 ad
1369 1437 1447 1464 sua
1477 1423 1647 1464 Genera

113 1490 261 1531 retulit
292 1490 474 1544 Harvey.
536 1489 815 1544 Cystocarpia
846 1505 944 1532 vero
977 1491 1070 1545 Gig.
1104 1491 1366 1541 lanceolatae,
1409 1504 1503 1544 quae
1535 1491 1646 1532 Har-

111 1574 214 1614 veyo
245 1560 394 1613 ignota
431 1558 619 1609 fuerunt,
667 1563 766 1600 sunt
813 1559 955 1601 frondi
1000 1559 1214 1610 immersa,
1260 1559 1449 1600 velutin
1481 1559 1646 1600 duabus

112 1628 348 1681 speciebus,
382 1641 490 1680 quas
522 1627 700 1668 Iridaeas
731 1628 1017 1669 consideravit
1048 1628 1229 1682 Harvey.
1281 1628 1368 1669 Nec
1400 1629 1545 1681 itaque
1568 1629 1647 1670 hoc

111 1696 295 1738 ducente
327 1696 578 1737 charactere
610 1696 771 1748 species
802 1695 892 1747 has,
939 1697 1028 1737 sine
1073 1696 1204 1738 dubio
1251 1697 1443 1750 proxime
1488 1696 1646 1744 affines,

111 1765 156 1806 in
188 1764 358 1805 diversa
403 1777 565 1818 genera
610 1763 852 1805 distrahere
898 1764 1031 1814 decet,
1077 1779 1153 1806 nec
1185 1779 1329 1806 omnes
1362 1765 1416 1805 ad
1450 1765 1648 1805 Iridaeain

112 1834 220 1875 bene
250 1833 575 1875 transferendas
606 1837 817 1886 putarem.
860 1834 909 1874 In
942 1834 1139 1875 omnibus
1171 1834 1237 1875 his
1260 1834 1481 1886 speciebus
1503 1833 1648 1874 allatis

114 1903 290 1944 nucleus
322 1903 509 1955 cingitur
541 1906 676 1943 strato
708 1902 781 1943 illo
812 1903 1021 1955 peculiari
1059 1902 1242 1954 filorum„
1283 1903 1516 1944 directione
1552 1907 1648 1943 tan-

115 1972 256 2026 gentis
288 1972 620 2020 excurrentium,
654 1973 770 2025 quod
808 1973 850 2013 in
889 1972 1047 2013 Iridaea
1078 1973 1146 2013 vix
1179 1972 1466 2025 conspicuum„
1500 1972 1542 2012 in
1574 1972 1648 2013 Gi-
1703 2003 1705 2005 .

118 2041 291 2095 gartina
322 2054 421 2081 vero
453 2040 685 2081 admodum
723 2040 941 2081 evolutum
983 2040 1115 2081 adest.
1177 2039 1507 2093 Sphzerospoi‘ae,
1542 2053 1649 2093 quas

111 2111 202 2165 jam
232 2110 275 2150 in
307 2109 534 2163 Speciebus
565 2108 774 2162 Algarum
806 2109 949 2162 quoad
990 2110 1119 2150 situm
1151 2110 1193 2149 in
1231 2108 1385 2149 Iridaea
1422 2112 1463 2149 et
1495 2108 1650 2160 Gigar-

116 2179 209 2220 tina
239 2178 430 2219 diversas
476 2177 671 2227 indicavi,
704 2177 747 2218 in
778 2177 935 2218 Iridaea
981 2191 1099 2218 soros
1145 2178 1188 2218 in
1234 2177 1437 2217 interiore
1486 2177 1650 2217 frondis

118 2250 267 2297 strato,
299 2247 411 2288 inter
441 2250 671 2299 utramque
702 2246 904 2299 paginam
927 2245 1015 2286 fere
1047 2259 1167 2298 {eque
1200 2245 1420 2288 distantes,
1444 2244 1649 2295 efficiunt3

117 2316 162 2357 in
193 2315 423 2368 Gigartina
454 2329 552 2356 vero
592 2328 712 2356 soros
757 2314 893 2367 magis
940 2313 1176 2362 corticales,
1224 2313 1338 2354 infra
1384 2313 1651 2366 superficiem

120 2384 313 2426 evolutos
345 2384 623 2425 constituunt.
683 2382 773 2424 Hoc
806 2397 976 2436 quoque
1008 2382 1188 2423 ducente
1221 2381 1469 2422 charactere
1492 2382 1651 2434 species

119 2457 209 2494 tres
239 2456 488 2494 memoratae
519 2452 655 2493 multo
686 2451 822 2505 magis
854 2465 949 2491 cum
986 2450 1235 2503 Grigartinis„
1276 2463 1403 2503 quam
1446 2463 1541 2489 cum
1572 2449 1651 2489 Iri-

121 2522 223 2563 daeis
256 2521 522 2563 conveniunt.
584 2522 645 2561 Ab
676 2524 859 2573 utroque
899 2533 997 2560 vero
1029 2532 1184 2572 genere
1217 2519 1303 2559 sori
1335 2518 1571 2571 specierum
1601 2517 1651 2558 il-

121 2591 263 2632 larum
295 2590 355 2630 ita
388 2588 592 2630 differunt
622 2594 669 2629 ut
699 2588 788 2629 fere
828 2591 926 2628 sunt
970 2587 1137 2627 ambitu
1183 2587 1359 2637 definiti⁷
1402 2586 1525 2639 quasi
1570 2585 1652 2626 filis

122 2658 382 2712 quibusdam
414 2657 633 2698 sterilibus
673 2656 861 2705 cohibiti,
913 2655 1146 2703 rotundati,
1195 2655 1298 2708 ipsis
1344 2654 1652 2707 sphserosporis

124 2728 245 2780 quasi
276 2727 413 2768 lineas
445 2740 469 2766 a
500 2726 746 2778 peripheria
777 2724 979 2766 interiore
1012 2724 1097 2764 sori
1140 2738 1286 2764 versus
1331 2727 1536 2776 punctum
1584 2737 1652 2762 su-

123 2794 340 2847 perficiale
372 2795 592 2835 radiantes
625 2793 944 2846 occupantibus.
1004 2792 1143 2841 Quum
1190 2792 1321 2844 igitur
1367 2791 1526 2843 species
1559 2790 1651 2830 istae

123 2863 389 2904 intermediae
435 2876 572 2916 neque
618 2876 713 2902 011111
759 2861 986 2914 Gigartina
1031 2859 1084 2901 ob
1131 2858 1396 2913 cystocarpia
1440 2858 1651 2908 immersa,
