1762 3036
72 105 337 161 Griffithsia.
718 101 956 146 CFRAMIFAE.
1557 104 1610 146 63

160 217 322 253 Habitus
348 216 454 252 Griff.
482 220 657 262 setaceae,
682 216 796 252 ramis
827 216 1053 251 lateralibus
1090 216 1325 251 fasciculatis
1350 216 1390 250 in
1415 216 1612 250 fructifera

70 276 354 322 distinguenda.
404 275 453 309 Hi
485 277 531 310 ad
569 276 693 321 apices
731 275 921 310 frondium
958 276 1245 319 provenientes,
1282 276 1462 309 constant
1496 274 1610 308 ramis

68 332 238 375 furcatis,
264 332 438 376 pluribus
465 332 649 367 interiore
675 333 797 366 latere
822 331 938 365 furoae
964 331 1280 376 provenientibus
1308 331 1529 365 secundatis
1554 330 1611 364 in-

54 390 194 424 'curvis
222 392 260 424 et
286 389 469 424 interiore
495 390 616 424 latere
655 389 939 434 sphaerosporas
977 389 1212 433 gerentibus.
1263 388 1546 433 Sphaerosporae
1572 387 1611 420 in

69 445 329 491 promontorio
367 445 660 481 convexiusculo
703 445 802 479 infra
844 444 1060 490 geniculum
1099 445 1344 490 proveniunt,
1388 443 1499 478 initio
1537 443 1612 477 sin-

70 503 185 549 gulae,
211 502 400 547 pedicello
426 503 504 537 fere
530 503 710 538 obconico
736 502 964 546 insidentes,
991 513 1077 536 mox
1103 503 1282 536 laterales
1320 501 1418 545 aliae,
1453 501 1611 535 (lescen-

70 559 178 594 denti
205 560 339 594 ordine
358 572 379 594 a
398 560 579 605 primaria
602 563 923 599 maturescentes;
949 560 1149 604 pedicellis
1171 560 1438 605 sphaerospora
1457 558 1613 603 delapsa

69 628 169 661 saepe
195 617 507 661 persistentibus.
557 618 773 663 Specimina
808 617 946 661 onmia,
974 629 1056 661 quae
1097 618 1248 652 nomine
1287 617 1350 652 Gr.
1379 620 1538 652 setaceae
1567 627 1613 649 ex

64 674 260 708 Australia
285 678 324 708 et
349 675 455 710 Nova
479 676 684 711 Hollandia
719 675 837 710 missa
873 675 968 718 vidi,
995 675 1042 709 ad
1080 675 1176 709 hanc
1214 675 1379 720 speciem
1415 674 1611 719 pertinere

64 734 170 777 puto.
219 732 430 776 Numquam
455 734 600 769 fructus
627 734 691 768 Gr.
721 736 882 768 setaceae
908 733 947 767 in
974 733 1183 778 specimine
1207 732 1470 767 Australasico
1510 732 1610 766 visos

66 801 250 836 suspicor.

66 872 104 912 4.
138 871 215 913 GR.
248 885 509 914 LICMOPHORA
539 871 702 926 (Hccrv.
735 872 832 925 Azy.
866 871 1017 913 Austr.
1038 886 1126 914 ems.
1148 887 1214 914 mo
1238 872 1353 927 536.)
1384 872 1612 925 caespitosa

184 941 387 995 elongata
423 940 589 983 inferne
633 940 754 983 fibris
800 941 1126 982 decurrentibus
1165 940 1610 993 spongioso-stuposa,

182 1009 746 1063 dichotomo-decomposita
772 1011 991 1064 ramisque
1013 1009 1264 1051 lateralibus
1286 1009 1610 1052 terminalibus-

181 1093 265 1132 que
295 1079 430 1121 multo
470 1080 740 1122 tenuioribus
778 1079 1043 1121 fascic-illatis
1079 1080 1228 1129 obsita,
1267 1079 1400 1120 ramis
1430 1079 1610 1121 fascicu-

179 1147 322 1189 lorum
353 1162 701 1202 quoquoversum
732 1148 984 1202 patentibus
1007 1148 1179 1189 demum
1199 1148 1448 1197 fructiferis,
1472 1148 1610 1201 sphae-

179 1217 370 1270 rosporis
402 1217 607 1259 interiore
638 1217 775 1259 latere
808 1217 1073 1259 ramulorum
1106 1217 1162 1258 ad
1194 1217 1392 1271 genicula
1430 1217 1610 1259 subsoli-

177 1285 302 1327 tariis
333 1285 396 1341 (Ρ)
426 1286 635 1339 pedicello
679 1286 799 1328 brevi
840 1285 1040 1337 suffultis,
1080 1286 1276 1328 articulis
1307 1285 1487 1327 caulinis
1519 1285 1610 1327 dia-

177 1356 315 1395 metro
363 1353 546 1407 ss—Splo
596 1354 808 1396 diametro
854 1355 1134 1408 longioribus.
1171 1352 1506 1397 Callithawmiou
1539 1355 1609 1396 lic:-

177 1422 421 1475 mophorum
453 1421 591 1463 Ham).
624 1423 649 1463 l.
680 1437 711 1465 c.
742 1427 779 1465 et
815 1423 944 1477 Phyc.
976 1428 1112 1466 (aserzzslr.
1143 1424 1225 1465 tab.
1258 1423 1328 1464 90!

331 1490 399 1531 Ad
430 1490 594 1532 Novam
626 1491 903 1533 Hollandiam
935 1492 1183 1534 australem.

155 1568 321 1614 Insignis
348 1571 408 1604 est
432 1569 612 1604 minuties
652 1571 1016 1616 sphaerosporaruni,
1045 1572 1075 1605 si
1115 1583 1198 1605 cum
1238 1570 1411 1606 articulis
1449 1571 1610 1606 caulium

66 1629 352 1671 comparantur3
380 1626 447 1660 sed
472 1626 644 1661 insident
669 1628 945 1673 sphaerosporae
973 1629 1011 1662 in
1039 1628 1152 1663 ramis
1179 1628 1414 1663 fasciculatis
1440 1629 1609 1663 laterali-

63 1686 148 1729 bus,
174 1685 238 1728 qui
264 1689 354 1719 sunt
379 1684 548 1719 caulibus
575 1686 694 1720 multo
720 1686 926 1721 tenuiores.
961 1686 1040 1721 Hoc
1066 1687 1177 1721 modo
1196 1690 1254 1721 est
1272 1687 1545 1730 quodammodo
1563 1687 1609 1720 ad

64 1742 247 1777 Barbatas
273 1742 480 1785 transitus3
507 1743 643 1777 ramuli
669 1746 797 1777 tamen
817 1743 890 1778 alio
911 1746 1089 1787 respectu
1110 1744 1421 1789 subhomogenei.
1457 1744 1500 1778 In
1527 1755 1609 1789 spe-

63 1799 265 1834 ciminibus
293 1811 311 1833 a
337 1811 397 1834 me
423 1799 650 1844 observatis,
676 1801 777 1835 haud
802 1801 899 1835 benc
926 1800 965 1834 in
983 1811 1080 1844 aqua
1099 1800 1200 1834 dulci
1218 1801 1462 1846 praeparatis,
1482 1801 1608 1846 dispo-

65 1857 241 1892 sitionem
268 1857 619 1902 sphaerosporarum
645 1858 743 1892 bene
771 1857 902 1892 videre
928 1870 1003 1892 non
1029 1857 1150 1892 licuit.

66 1995 120 2037 Π.
153 1994 395 2037 Involucm's
426 1995 935 2049 splzvcerosporcmtmfero
954 1994 1108 2048 rescellis-3
1141 1996 1451 2049 splaoerosyooris
1480 1996 1609 2038 wimi-

180 2078 276 2105 mmz
306 2064 366 2106 ad
390 2064 588 2117 {semema
609 2064 818 2118 pedicello
850 2066 1035 2106 tenuiore
1065 2066 1194 2117 quasi
1224 2064 1484 2118 heterogeneo
1516 2064 1610 2114 ‹suf-

171 2131 320 2186 fultis,
350 2133 410 2175 ad
434 2134 633 2186 yemcula
664 2134 939 2175 circzmecirca
970 2135 1214 2186 agygyregyatis
1236 2133 1460 2186 plurimis.

68 2226 106 2266 5.
137 2225 212 2267 GR.
244 2239 388 2267 ovAL1s
419 2225 582 2280 (Hm-21.
616 2227 672 2267 in,
708 2225 781 2267 Tr.
814 2226 946 2267 fresh.
971 2224 1107 2267 Acad.
1141 2224 1228 2267 Vol.
1255 2224 1417 2266 XXII
1423 2238 1471 2277 p.
1495 2224 1610 2280 559.)

181 2292 332 2335 fronde
382 2294 644 2347 regulariter
699 2293 1027 2336 (li-trichotoma
1086 2293 1322 2346 fastigiata,
1380 2293 1610 2347 segmentis

181 2363 609 2415 erecto-patentibus,
646 2362 842 2404 articulis
881 2362 1175 2416 superioribus
1214 2362 1478 2415 ellipsoideis
1516 2361 1609 2403 dia-

186 2433 324 2472 metro
344 2430 600 2485 triplo-{ipio
620 2431 899 2484 longioribus,
922 2431 1137 2473 fertilibus
1159 2430 1450 2472 conformibus
1471 2430 1609 2484 sphae-

180 2512 381 2552 rosporas
406 2498 468 2540 rad
500 2499 698 2553 genicula
728 2503 1000 2554 aggregatas,
1033 2498 1242 2552 pedicello
1270 2499 1464 2540 tenuiore
1486 2499 1611 2552 quasi

179 2567 466 2619 heterogeneo
513 2566 726 2617 suffultas,
772 2568 1034 2622 gerentibus,
1081 2567 1300 2609 involucro
1345 2566 1434 2608 fere
1479 2566 1609 2609 nullo.

181 2635 319 2677 Ham).
350 2632 479 2689 Phye.
511 2640 647 2677 austr.
679 2637 761 2678 tab.
793 2637 887 2677 203.

331 2703 398 2744 Ad
427 2703 593 2746 Novam
623 2704 903 2746 Hollandiam
934 2703 1258 2746 occidentalem.

157 2784 217 2818 Ad
240 2783 306 2818 Gr.
334 2781 565 2818 Schousboei
592 2783 673 2818 haec
698 2783 870 2828 proxime
895 2783 1077 2818 accedere
1115 2783 1286 2817 videtur:
1324 2783 1456 2827 planta
1490 2783 1610 2827 major

67 2844 106 2876 et
131 2840 253 2886 magis
280 2842 420 2874 erecta.
470 2840 513 2874 In
539 2839 746 2885 specimine
773 2852 794 2874 a
817 2852 878 2875 me
904 2841 1107 2875 observato
1133 2840 1273 2874 adsunt
1296 2839 1446 2875 favellae
1474 2840 1520 2874 ad
1545 2852 1610 2885 ge-
