<?xml version="1.0" encoding="UTF-8"?>
<!DOCTYPE html PUBLIC "-//W3C//DTD XHTML 1.0 Transitional//EN"
    "http://www.w3.org/TR/xhtml1/DTD/xhtml1-transitional.dtd">
<html xmlns="http://www.w3.org/1999/xhtml" xml:lang="en" lang="en">
 <head>
  <title>
</title>
<meta http-equiv="Content-Type" content="text/html;charset=utf-8" />
  <meta name='ocr-system' content='tesseract 3.04.00' />
  <meta name='ocr-capabilities' content='ocr_page ocr_carea ocr_par ocr_line ocrx_word'/>
</head>
<body>
  <div class='ocr_page' id='page_1' title='image "./speciesgeneraeto0301agar_0198.png"; bbox 0 0 1762 3036; ppageno 0'>
   <div class='ocr_carea' id='block_1_1' title="bbox 124 145 1659 189">
    <p class='ocr_par' dir='ltr' id='par_1_1' title="bbox 124 145 1659 189">
     <span class='ocr_line' id='line_1_1' title="bbox 124 145 1659 189; baseline -0.001 -1"><span class='ocrx_word' id='word_1_1' title='bbox 124 147 201 189; x_wconf 84' lang='grc'>182</span> <span class='ocrx_word' id='word_1_2' title='bbox 759 145 896 188; x_wconf 79' lang='lat' dir='ltr'><strong>GIGAR</strong></span> <span class='ocrx_word' id='word_1_3' title='bbox 903 158 1020 186; x_wconf 77' lang='lat' dir='ltr'>TINAE.</span> <span class='ocrx_word' id='word_1_4' title='bbox 1481 145 1659 187; x_wconf 79' lang='lat' dir='ltr'>Iridaea.</span> 
     </span>
    </p>
   </div>
   <div class='ocr_carea' id='block_1_2' title="bbox 232 257 1662 519">
    <p class='ocr_par' dir='ltr' id='par_1_2' title="bbox 232 257 1662 519">
     <span class='ocr_line' id='line_1_2' title="bbox 232 257 1661 312; baseline -0.003 -9"><span class='ocrx_word' id='word_1_5' title='bbox 232 260 445 310; x_wconf 77' lang='lat' dir='ltr'>instructi,</span> <span class='ocrx_word' id='word_1_6' title='bbox 496 258 789 312; x_wconf 87' lang='lat' dir='ltr'>subpinnatim</span> <span class='ocrx_word' id='word_1_7' title='bbox 838 258 1086 312; x_wconf 86' lang='lat' dir='ltr'>composita,</span> <span class='ocrx_word' id='word_1_8' title='bbox 1137 257 1406 312; x_wconf 84' lang='lat' dir='ltr'>marginibus</span> <span class='ocrx_word' id='word_1_9' title='bbox 1459 257 1661 299; x_wconf 82' lang='lat' dir='ltr'>foliorum</span> 
     </span>
     <span class='ocr_line' id='line_1_3' title="bbox 232 325 1660 381; baseline -0.003 -10"><span class='ocrx_word' id='word_1_10' title='bbox 232 328 496 371; x_wconf 88' lang='lat' dir='ltr'>adultiorum</span> <span class='ocrx_word' id='word_1_11' title='bbox 527 327 685 369; x_wconf 89' lang='lat' dir='ltr'>sensim</span> <span class='ocrx_word' id='word_1_12' title='bbox 715 326 1093 369; x_wconf 85' lang='lat' dir='ltr'>serrato-dentatis</span> <span class='ocrx_word' id='word_1_13' title='bbox 1125 326 1383 381; x_wconf 90' lang='lat' dir='ltr'>demumque</span> <span class='ocrx_word' id='word_1_14' title='bbox 1415 325 1660 380; x_wconf 83' lang='lat' dir='ltr'>liguliferis,</span> 
     </span>
     <span class='ocr_line' id='line_1_4' title="bbox 233 392 1662 450; baseline -0.003 -11"><span class='ocrx_word' id='word_1_15' title='bbox 233 397 340 439; x_wconf 89' lang='lat' dir='ltr'>soris</span> <span class='ocrx_word' id='word_1_16' title='bbox 372 409 741 450; x_wconf 85' lang='lat' dir='ltr'>spaerosporarum</span> <span class='ocrx_word' id='word_1_17' title='bbox 774 394 1021 449; x_wconf 85' lang='lat' dir='ltr'>majusculis</span> <span class='ocrx_word' id='word_1_18' title='bbox 1053 394 1297 436; x_wconf 82' lang='lat' dir='ltr'>rotundatis</span> <span class='ocrx_word' id='word_1_19' title='bbox 1328 392 1662 448; x_wconf 89' lang='lat' dir='ltr'>subprominulis</span> 
     </span>
     <span class='ocr_line' id='line_1_5' title="bbox 232 462 1662 519; baseline -0.002 -13"><span class='ocrx_word' id='word_1_20' title='bbox 232 478 310 519; x_wconf 89' lang='lat' dir='ltr'>per</span> <span class='ocrx_word' id='word_1_21' title='bbox 339 468 477 506; x_wconf 89' lang='lat' dir='ltr'>totam</span> <span class='ocrx_word' id='word_1_22' title='bbox 506 463 705 505; x_wconf 88' lang='lat' dir='ltr'>frondem</span> <span class='ocrx_word' id='word_1_23' title='bbox 737 463 1005 517; x_wconf 87' lang='lat' dir='ltr'>superiorem</span> <span class='ocrx_word' id='word_1_24' title='bbox 1037 462 1192 511; x_wconf 81' lang='lat' dir='ltr'>densis,</span> <span class='ocrx_word' id='word_1_25' title='bbox 1225 463 1536 517; x_wconf 84' lang='lat' dir='ltr'>cystocarpiis.</span> <span class='ocrx_word' id='word_1_26' title='bbox 1569 496 1576 503; x_wconf 94' lang='lat'>.</span> <span class='ocrx_word' id='word_1_27' title='bbox 1611 493 1620 503; x_wconf 93' lang='lat'>.</span> <span class='ocrx_word' id='word_1_28' title='bbox 1655 496 1662 503; x_wconf 95' lang='lat'>.</span> 
     </span>
    </p>
   </div>
   <div class='ocr_carea' id='block_1_3' title="bbox 82 529 1666 2242">
    <p class='ocr_par' dir='ltr' id='par_1_3' title="bbox 233 529 1662 584">
     <span class='ocr_line' id='line_1_6' title="bbox 233 529 1662 584; baseline -0.003 -10"><span class='ocrx_word' id='word_1_29' title='bbox 233 532 342 574; x_wconf 90' lang='lat' dir='ltr'>Hab.</span> <span class='ocrx_word' id='word_1_30' title='bbox 374 532 430 573; x_wconf 86' lang='lat' dir='ltr'>ad</span> <span class='ocrx_word' id='word_1_31' title='bbox 461 545 559 573; x_wconf 87' lang='lat' dir='ltr'>oras</span> <span class='ocrx_word' id='word_1_32' title='bbox 591 531 719 573; x_wconf 80' lang='lat' dir='ltr'>Novae</span> <span class='ocrx_word' id='word_1_33' title='bbox 752 531 980 581; x_wconf 82' lang='lat' dir='ltr'>Zelandiae,</span> <span class='ocrx_word' id='word_1_34' title='bbox 1015 530 1103 584; x_wconf 86' lang='lat' dir='ltr'>Bay</span> <span class='ocrx_word' id='word_1_35' title='bbox 1126 530 1172 572; x_wconf 88' lang='lat' dir='ltr'>of</span> <span class='ocrx_word' id='word_1_36' title='bbox 1199 530 1389 572; x_wconf 84' lang='lat' dir='ltr'>Islands:</span> <span class='ocrx_word' id='word_1_37' title='bbox 1421 529 1662 584; x_wconf 81' lang='lat' dir='ltr'>Berggren!</span> 
     </span>
    </p>

    <p class='ocr_par' dir='ltr' id='par_1_4' title="bbox 82 597 1666 1616">
     <span class='ocr_line' id='line_1_7' title="bbox 210 597 1663 643; baseline -0.003 -7"><span class='ocrx_word' id='word_1_38' title='bbox 210 601 332 636; x_wconf 82' lang='lat' dir='ltr'><strong>Frons</strong></span> <span class='ocrx_word' id='word_1_39' title='bbox 358 611 492 635; x_wconf 85' lang='lat' dir='ltr'>recens</span> <span class='ocrx_word' id='word_1_40' title='bbox 519 611 677 634; x_wconf 87' lang='lat' dir='ltr'>carnosa</span> <span class='ocrx_word' id='word_1_41' title='bbox 715 600 880 643; x_wconf 90' lang='lat' dir='ltr'>videtur,</span> <span class='ocrx_word' id='word_1_42' title='bbox 918 598 1129 633; x_wconf 84' lang='lat' dir='ltr'>madefacta</span> <span class='ocrx_word' id='word_1_43' title='bbox 1162 602 1249 633; x_wconf 86' lang='lat' dir='ltr'>ante</span> <span class='ocrx_word' id='word_1_44' title='bbox 1274 598 1458 643; x_wconf 89' lang='lat' dir='ltr'>plurimas</span> <span class='ocrx_word' id='word_1_45' title='bbox 1484 597 1663 632; x_wconf 80' lang='lat' dir='ltr'>facillime</span> 
     </span>
     <span class='ocr_line' id='line_1_8' title="bbox 119 654 1664 701; baseline -0.003 -9"><span class='ocrx_word' id='word_1_46' title='bbox 119 657 317 701; x_wconf 90' lang='lat' dir='ltr'>dissoluta,</span> <span class='ocrx_word' id='word_1_47' title='bbox 345 656 564 692; x_wconf 89' lang='lat' dir='ltr'>difficillime</span> <span class='ocrx_word' id='word_1_48' title='bbox 591 656 836 699; x_wconf 79' lang='lat' dir='ltr'>exsiccanda3</span> <span class='ocrx_word' id='word_1_49' title='bbox 863 656 1056 690; x_wconf 85' lang='lat' dir='ltr'>exsiccata</span> <span class='ocrx_word' id='word_1_50' title='bbox 1074 655 1275 690; x_wconf 85' lang='lat' dir='ltr'>admodum</span> <span class='ocrx_word' id='word_1_51' title='bbox 1293 654 1545 698; x_wconf 75' lang='lat' dir='ltr'>contrahitur,</span> <span class='ocrx_word' id='word_1_52' title='bbox 1564 654 1664 689; x_wconf 91' lang='lat' dir='ltr'>unde</span> 
     </span>
     <span class='ocr_line' id='line_1_9' title="bbox 120 710 1663 758; baseline -0.003 -9"><span class='ocrx_word' id='word_1_53' title='bbox 120 715 262 749; x_wconf 86' lang='lat' dir='ltr'>chartae</span> <span class='ocrx_word' id='word_1_54' title='bbox 290 714 352 750; x_wconf 88' lang='lat' dir='ltr'>vix</span> <span class='ocrx_word' id='word_1_55' title='bbox 379 714 563 755; x_wconf 86' lang='lat' dir='ltr'>adhaeret,</span> <span class='ocrx_word' id='word_1_56' title='bbox 590 713 665 747; x_wconf 90' lang='lat' dir='ltr'>nisi</span> <span class='ocrx_word' id='word_1_57' title='bbox 691 713 865 758; x_wconf 86' lang='lat' dir='ltr'>partibus</span> <span class='ocrx_word' id='word_1_58' title='bbox 893 713 962 748; x_wconf 90' lang='lat' dir='ltr'>sub</span> <span class='ocrx_word' id='word_1_59' title='bbox 1001 711 1257 746; x_wconf 74' lang='lat' dir='ltr'>exsiccatione</span> <span class='ocrx_word' id='word_1_60' title='bbox 1295 711 1415 757; x_wconf 79' lang='lat' dir='ltr'>magis</span> <span class='ocrx_word' id='word_1_61' title='bbox 1453 710 1663 745; x_wconf 87' lang='lat' dir='ltr'>dissolutis.</span> 
     </span>
     <span class='ocr_line' id='line_1_10' title="bbox 121 768 1666 816; baseline -0.003 -10"><span class='ocrx_word' id='word_1_62' title='bbox 121 771 232 807; x_wconf 89' lang='lat' dir='ltr'>Color</span> <span class='ocrx_word' id='word_1_63' title='bbox 257 782 304 805; x_wconf 86' lang='lat' dir='ltr'>ex</span> <span class='ocrx_word' id='word_1_64' title='bbox 330 770 539 816; x_wconf 85' lang='lat' dir='ltr'>sanguineo</span> <span class='ocrx_word' id='word_1_65' title='bbox 563 770 642 804; x_wconf 83' lang='lat' dir='ltr'>fere</span> <span class='ocrx_word' id='word_1_66' title='bbox 669 770 907 815; x_wconf 84' lang='lat' dir='ltr'>nigrescens.</span> <span class='ocrx_word' id='word_1_67' title='bbox 958 769 1079 813; x_wconf 80' lang='lat' dir='ltr'>Supra</span> <span class='ocrx_word' id='word_1_68' title='bbox 1105 768 1276 813; x_wconf 87' lang='lat' dir='ltr'>stipitem</span> <span class='ocrx_word' id='word_1_69' title='bbox 1294 768 1600 810; x_wconf 85' lang='lat' dir='ltr'>erassiusculum,</span> <span class='ocrx_word' id='word_1_70' title='bbox 1620 779 1666 802; x_wconf 86' lang='lat' dir='ltr'>ex</span> 
     </span>
     <span class='ocr_line' id='line_1_11' title="bbox 120 825 1666 872; baseline -0.003 -9"><span class='ocrx_word' id='word_1_71' title='bbox 120 828 236 863; x_wconf 88' lang='lat' dir='ltr'>tereti</span> <span class='ocrx_word' id='word_1_72' title='bbox 262 827 558 872; x_wconf 84' lang='lat' dir='ltr'>complanatum,</span> <span class='ocrx_word' id='word_1_73' title='bbox 597 827 746 863; x_wconf 90' lang='lat' dir='ltr'>demum</span> <span class='ocrx_word' id='word_1_74' title='bbox 784 826 985 861; x_wconf 83' lang='lat' dir='ltr'>admodum</span> <span class='ocrx_word' id='word_1_75' title='bbox 1023 825 1273 869; x_wconf 86' lang='lat' dir='ltr'>subdivisum,</span> <span class='ocrx_word' id='word_1_76' title='bbox 1311 825 1464 860; x_wconf 84' lang='lat' dir='ltr'>frondes</span> <span class='ocrx_word' id='word_1_77' title='bbox 1504 825 1666 870; x_wconf 85' lang='lat' dir='ltr'>singulae</span> 
     </span>
     <span class='ocr_line' id='line_1_12' title="bbox 120 881 1666 930; baseline -0.003 -11"><span class='ocrx_word' id='word_1_78' title='bbox 120 887 284 930; x_wconf 86' lang='lat' dir='ltr'>surgunt</span> <span class='ocrx_word' id='word_1_79' title='bbox 309 885 412 918; x_wconf 87' lang='lat' dir='ltr'>ultra</span> <span class='ocrx_word' id='word_1_80' title='bbox 438 883 704 929; x_wconf 85' lang='lat' dir='ltr'>semipedales,</span> <span class='ocrx_word' id='word_1_81' title='bbox 724 894 887 929; x_wconf 87' lang='lat' dir='ltr'>superne</span> <span class='ocrx_word' id='word_1_82' title='bbox 905 884 990 927; x_wconf 89' lang='lat' dir='ltr'>plus</span> <span class='ocrx_word' id='word_1_83' title='bbox 1009 882 1132 916; x_wconf 89' lang='lat' dir='ltr'>minus</span> <span class='ocrx_word' id='word_1_84' title='bbox 1154 881 1325 916; x_wconf 80' lang='lat' dir='ltr'>dilatatae</span> <span class='ocrx_word' id='word_1_85' title='bbox 1344 893 1443 916; x_wconf 89' lang='lat' dir='ltr'>nunc</span> <span class='ocrx_word' id='word_1_86' title='bbox 1461 881 1666 916; x_wconf 85' lang='lat' dir='ltr'>latitudine</span> 
     </span>
     <span class='ocr_line' id='line_1_13' title="bbox 121 938 1663 986; baseline -0.001 -11"><span class='ocrx_word' id='word_1_87' title='bbox 121 942 224 976; x_wconf 86' lang='lat' dir='ltr'>ultra</span> <span class='ocrx_word' id='word_1_88' title='bbox 248 941 505 986; x_wconf 85' lang='lat' dir='ltr'>bipollicares,</span> <span class='ocrx_word' id='word_1_89' title='bbox 545 943 715 975; x_wconf 82' lang='lat' dir='ltr'>cuneatae</span> <span class='ocrx_word' id='word_1_90' title='bbox 755 944 818 975; x_wconf 87' lang='lat' dir='ltr'>aut</span> <span class='ocrx_word' id='word_1_91' title='bbox 857 941 1042 982; x_wconf 84' lang='lat' dir='ltr'>obovatae,</span> <span class='ocrx_word' id='word_1_92' title='bbox 1076 938 1267 984; x_wconf 87' lang='lat' dir='ltr'>juveniles</span> <span class='ocrx_word' id='word_1_93' title='bbox 1306 938 1411 983; x_wconf 85' lang='lat' dir='ltr'>apice</span> <span class='ocrx_word' id='word_1_94' title='bbox 1449 939 1663 973; x_wconf 69' lang='lat' dir='ltr'>rotundatas</span> 
     </span>
     <span class='ocr_line' id='line_1_14' title="bbox 122 995 1665 1043; baseline -0.002 -11"><span class='ocrx_word' id='word_1_95' title='bbox 122 998 433 1043; x_wconf 84' lang='lat' dir='ltr'>marginibusque</span> <span class='ocrx_word' id='word_1_96' title='bbox 460 997 762 1043; x_wconf 83' lang='lat' dir='ltr'>integriusculae‚</span> <span class='ocrx_word' id='word_1_97' title='bbox 782 996 990 1031; x_wconf 81' lang='lat' dir='ltr'>adultiores</span> <span class='ocrx_word' id='word_1_98' title='bbox 1010 996 1182 1042; x_wconf 83' lang='lat' dir='ltr'>margine</span> <span class='ocrx_word' id='word_1_99' title='bbox 1203 995 1555 1038; x_wconf 64' lang='lat' dir='ltr'>serrato-dentatae,</span> <span class='ocrx_word' id='word_1_100' title='bbox 1575 995 1665 1029; x_wconf 88' lang='lat' dir='ltr'>den-</span> 
     </span>
     <span class='ocr_line' id='line_1_15' title="bbox 122 1054 1666 1101; baseline -0.002 -11"><span class='ocrx_word' id='word_1_101' title='bbox 122 1055 224 1090; x_wconf 88' lang='lat' dir='ltr'>tibus</span> <span class='ocrx_word' id='word_1_102' title='bbox 253 1056 394 1090; x_wconf 87' lang='lat' dir='ltr'>sensim</span> <span class='ocrx_word' id='word_1_103' title='bbox 420 1056 457 1090; x_wconf 88' lang='lat' dir='ltr'>in</span> <span class='ocrx_word' id='word_1_104' title='bbox 485 1055 638 1101; x_wconf 85' lang='lat' dir='ltr'>ligulas,</span> <span class='ocrx_word' id='word_1_105' title='bbox 665 1055 871 1100; x_wconf 83' lang='lat' dir='ltr'>ligulisque</span> <span class='ocrx_word' id='word_1_106' title='bbox 898 1055 937 1089; x_wconf 90' lang='lat' dir='ltr'>in</span> <span class='ocrx_word' id='word_1_107' title='bbox 955 1055 1087 1100; x_wconf 88' lang='lat' dir='ltr'>phylla</span> <span class='ocrx_word' id='word_1_108' title='bbox 1104 1054 1427 1097; x_wconf 83' lang='lat' dir='ltr'>excrescentibus,</span> <span class='ocrx_word' id='word_1_109' title='bbox 1448 1054 1547 1088; x_wconf 88' lang='lat' dir='ltr'>unde</span> <span class='ocrx_word' id='word_1_110' title='bbox 1566 1054 1666 1088; x_wconf 86' lang='lat' dir='ltr'>fron—</span> 
     </span>
     <span class='ocr_line' id='line_1_16' title="bbox 123 1111 1666 1159; baseline -0.003 -11"><span class='ocrx_word' id='word_1_111' title='bbox 123 1114 188 1148; x_wconf 88' lang='lat' dir='ltr'>des</span> <span class='ocrx_word' id='word_1_112' title='bbox 217 1114 357 1149; x_wconf 87' lang='lat' dir='ltr'>seniles</span> <span class='ocrx_word' id='word_1_113' title='bbox 385 1114 643 1159; x_wconf 88' lang='lat' dir='ltr'>subpinnatim</span> <span class='ocrx_word' id='word_1_114' title='bbox 670 1113 891 1158; x_wconf 69' lang='lat' dir='ltr'>compositae</span> <span class='ocrx_word' id='word_1_115' title='bbox 919 1113 1145 1157; x_wconf 85' lang='lat' dir='ltr'>adpareant;</span> <span class='ocrx_word' id='word_1_116' title='bbox 1171 1111 1512 1157; x_wconf 88' lang='lat' dir='ltr'>prolificationibus</span> <span class='ocrx_word' id='word_1_117' title='bbox 1533 1122 1553 1144; x_wconf 88' lang='lat' dir='ltr'>a</span> <span class='ocrx_word' id='word_1_118' title='bbox 1570 1122 1666 1145; x_wconf 85' lang='lat' dir='ltr'>mar-</span> 
     </span>
     <span class='ocr_line' id='line_1_17' title="bbox 122 1169 1664 1216; baseline -0.002 -11"><span class='ocrx_word' id='word_1_119' title='bbox 122 1170 275 1216; x_wconf 83' lang='lat' dir='ltr'>ginibus</span> <span class='ocrx_word' id='word_1_120' title='bbox 302 1172 405 1206; x_wconf 82' lang='lat' dir='ltr'>laesis</span> <span class='ocrx_word' id='word_1_121' title='bbox 433 1183 580 1216; x_wconf 88' lang='lat' dir='ltr'>quoque</span> <span class='ocrx_word' id='word_1_122' title='bbox 606 1171 922 1216; x_wconf 79' lang='lat' dir='ltr'>provenientibus</span> <span class='ocrx_word' id='word_1_123' title='bbox 948 1170 1028 1205; x_wconf 87' lang='lat' dir='ltr'>fere</span> <span class='ocrx_word' id='word_1_124' title='bbox 1055 1170 1211 1204; x_wconf 88' lang='lat' dir='ltr'>credere</span> <span class='ocrx_word' id='word_1_125' title='bbox 1242 1170 1357 1205; x_wconf 87' lang='lat' dir='ltr'>liceat</span> <span class='ocrx_word' id='word_1_126' title='bbox 1394 1169 1562 1214; x_wconf 88' lang='lat' dir='ltr'>stipitem</span> <span class='ocrx_word' id='word_1_127' title='bbox 1602 1169 1664 1203; x_wconf 87' lang='lat' dir='ltr'>ad-</span> 
     </span>
     <span class='ocr_line' id='line_1_18' title="bbox 121 1226 1666 1273; baseline -0.001 -11"><span class='ocrx_word' id='word_1_128' title='bbox 121 1231 302 1273; x_wconf 87' lang='lat' dir='ltr'>parenter</span> <span class='ocrx_word' id='word_1_129' title='bbox 327 1228 591 1273; x_wconf 87' lang='lat' dir='ltr'>compositum,</span> <span class='ocrx_word' id='word_1_130' title='bbox 617 1228 957 1273; x_wconf 86' lang='lat' dir='ltr'>prolificationibus</span> <span class='ocrx_word' id='word_1_131' title='bbox 985 1239 1005 1262; x_wconf 86' lang='lat' dir='ltr'>a</span> <span class='ocrx_word' id='word_1_132' title='bbox 1029 1227 1200 1272; x_wconf 82' lang='lat' dir='ltr'>margine</span> <span class='ocrx_word' id='word_1_133' title='bbox 1236 1227 1317 1262; x_wconf 89' lang='lat' dir='ltr'>folii</span> <span class='ocrx_word' id='word_1_134' title='bbox 1355 1227 1485 1262; x_wconf 86' lang='lat' dir='ltr'>senilis</span> <span class='ocrx_word' id='word_1_135' title='bbox 1517 1226 1666 1260; x_wconf 88' lang='lat' dir='ltr'>reducti</span> 
     </span>
     <span class='ocr_line' id='line_1_19' title="bbox 121 1282 1666 1331; baseline -0.003 -10"><span class='ocrx_word' id='word_1_136' title='bbox 121 1289 246 1321; x_wconf 89' lang='lat' dir='ltr'>ortum</span> <span class='ocrx_word' id='word_1_137' title='bbox 273 1297 369 1320; x_wconf 87' lang='lat' dir='ltr'>esse.</span> <span class='ocrx_word' id='word_1_138' title='bbox 421 1285 503 1321; x_wconf 89' lang='lat' dir='ltr'>Sori</span> <span class='ocrx_word' id='word_1_139' title='bbox 529 1286 882 1331; x_wconf 81' lang='lat' dir='ltr'>sphaerosporarum</span> <span class='ocrx_word' id='word_1_140' title='bbox 920 1296 1034 1330; x_wconf 88' lang='lat' dir='ltr'>supra</span> <span class='ocrx_word' id='word_1_141' title='bbox 1070 1287 1190 1319; x_wconf 87' lang='lat' dir='ltr'>totam</span> <span class='ocrx_word' id='word_1_142' title='bbox 1226 1284 1399 1319; x_wconf 85' lang='lat' dir='ltr'>frondem</span> <span class='ocrx_word' id='word_1_143' title='bbox 1425 1283 1506 1318; x_wconf 91' lang='lat' dir='ltr'>sine</span> <span class='ocrx_word' id='word_1_144' title='bbox 1533 1282 1666 1318; x_wconf 87' lang='lat' dir='ltr'>ordine</span> 
     </span>
     <span class='ocr_line' id='line_1_20' title="bbox 121 1339 1665 1387; baseline -0.002 -10"><span class='ocrx_word' id='word_1_145' title='bbox 121 1341 347 1378; x_wconf 88' lang='lat' dir='ltr'>densissime</span> <span class='ocrx_word' id='word_1_146' title='bbox 373 1342 524 1377; x_wconf 88' lang='lat' dir='ltr'>demum</span> <span class='ocrx_word' id='word_1_147' title='bbox 550 1343 794 1387; x_wconf 88' lang='lat' dir='ltr'>proveniunt,</span> <span class='ocrx_word' id='word_1_148' title='bbox 821 1342 1029 1385; x_wconf 89' lang='lat' dir='ltr'>rotundati,</span> <span class='ocrx_word' id='word_1_149' title='bbox 1058 1345 1116 1375; x_wconf 88' lang='lat' dir='ltr'>sat</span> <span class='ocrx_word' id='word_1_150' title='bbox 1140 1341 1281 1387; x_wconf 82' lang='lat' dir='ltr'>magni,</span> <span class='ocrx_word' id='word_1_151' title='bbox 1308 1340 1347 1375; x_wconf 91' lang='lat' dir='ltr'>in</span> <span class='ocrx_word' id='word_1_152' title='bbox 1373 1341 1563 1375; x_wconf 86' lang='lat' dir='ltr'>exsiccata</span> <span class='ocrx_word' id='word_1_153' title='bbox 1588 1339 1665 1374; x_wconf 91' lang='lat' dir='ltr'>evi-</span> 
     </span>
     <span class='ocr_line' id='line_1_21' title="bbox 121 1397 1663 1445; baseline -0.003 -11"><span class='ocrx_word' id='word_1_154' title='bbox 121 1399 258 1434; x_wconf 90' lang='lat' dir='ltr'>denter</span> <span class='ocrx_word' id='word_1_155' title='bbox 285 1410 399 1445; x_wconf 90' lang='lat' dir='ltr'>supra</span> <span class='ocrx_word' id='word_1_156' title='bbox 423 1399 600 1444; x_wconf 86' lang='lat' dir='ltr'>paginam</span> <span class='ocrx_word' id='word_1_157' title='bbox 627 1399 781 1434; x_wconf 85' lang='lat' dir='ltr'>elevati.</span> <span class='ocrx_word' id='word_1_158' title='bbox 831 1399 872 1433; x_wconf 92' lang='lat' dir='ltr'>In</span> <span class='ocrx_word' id='word_1_159' title='bbox 900 1398 1068 1433; x_wconf 86' lang='lat' dir='ltr'>sectione</span> <span class='ocrx_word' id='word_1_160' title='bbox 1101 1398 1353 1433; x_wconf 88' lang='lat' dir='ltr'>transversali</span> <span class='ocrx_word' id='word_1_161' title='bbox 1380 1398 1455 1432; x_wconf 90' lang='lat' dir='ltr'>sori</span> <span class='ocrx_word' id='word_1_162' title='bbox 1480 1397 1577 1431; x_wconf 84' lang='lat' dir='ltr'>infra</span> <span class='ocrx_word' id='word_1_163' title='bbox 1605 1408 1663 1430; x_wconf 92' lang='lat' dir='ltr'>su-</span> 
     </span>
     <span class='ocr_line' id='line_1_22' title="bbox 120 1455 1666 1502; baseline -0.001 -12"><span class='ocrx_word' id='word_1_164' title='bbox 120 1455 316 1502; x_wconf 89' lang='lat' dir='ltr'>perficiem</span> <span class='ocrx_word' id='word_1_165' title='bbox 342 1456 561 1491; x_wconf 89' lang='lat' dir='ltr'>nidulantes</span> <span class='ocrx_word' id='word_1_166' title='bbox 587 1456 757 1490; x_wconf 88' lang='lat' dir='ltr'>immersi</span> <span class='ocrx_word' id='word_1_167' title='bbox 782 1456 992 1499; x_wconf 88' lang='lat' dir='ltr'>rotundati,</span> <span class='ocrx_word' id='word_1_168' title='bbox 1020 1455 1297 1500; x_wconf 86' lang='lat' dir='ltr'>sphaerosporis</span> <span class='ocrx_word' id='word_1_169' title='bbox 1316 1455 1560 1499; x_wconf 83' lang='lat' dir='ltr'>inordinatis,</span> <span class='ocrx_word' id='word_1_170' title='bbox 1579 1455 1666 1499; x_wconf 82' lang='lat' dir='ltr'>(nec</span> 
     </span>
     <span class='ocr_line' id='line_1_23' title="bbox 119 1511 1665 1559; baseline -0.001 -11"><span class='ocrx_word' id='word_1_171' title='bbox 119 1514 230 1549; x_wconf 89' lang='lat' dir='ltr'>modo</span> <span class='ocrx_word' id='word_1_172' title='bbox 257 1514 513 1559; x_wconf 84' lang='lat' dir='ltr'>Rhodoglossi</span> <span class='ocrx_word' id='word_1_173' title='bbox 540 1514 706 1558; x_wconf 87' lang='lat' dir='ltr'>seriatis,</span> <span class='ocrx_word' id='word_1_174' title='bbox 725 1513 871 1548; x_wconf 89' lang='lat' dir='ltr'>ultimis</span> <span class='ocrx_word' id='word_1_175' title='bbox 891 1525 1023 1549; x_wconf 85' lang='lat' dir='ltr'>versus</span> <span class='ocrx_word' id='word_1_176' title='bbox 1043 1516 1222 1559; x_wconf 88' lang='lat' dir='ltr'>punctum</span> <span class='ocrx_word' id='word_1_177' title='bbox 1243 1513 1429 1558; x_wconf 88' lang='lat' dir='ltr'>quoddam</span> <span class='ocrx_word' id='word_1_178' title='bbox 1450 1511 1665 1558; x_wconf 84' lang='lat' dir='ltr'>superficiei</span> 
     </span>
     <span class='ocr_line' id='line_1_24' title="bbox 82 1566 1019 1616; baseline -0.001 -10"><span class='ocrx_word' id='word_1_179' title='bbox 82 1566 85 1568; x_wconf 61' lang='grc'><strong>’</strong></span> <span class='ocrx_word' id='word_1_180' title='bbox 120 1570 476 1616; x_wconf 85' lang='lat' dir='ltr'>convergentibus).</span> <span class='ocrx_word' id='word_1_181' title='bbox 527 1570 773 1616; x_wconf 81' lang='lat' dir='ltr'>Cystocarpia</span> <span class='ocrx_word' id='word_1_182' title='bbox 800 1570 904 1604; x_wconf 90' lang='lat' dir='ltr'>nulla</span> <span class='ocrx_word' id='word_1_183' title='bbox 929 1570 1019 1605; x_wconf 90' lang='lat' dir='ltr'>vidi.</span> 
     </span>
    </p>

    <p class='ocr_par' dir='ltr' id='par_1_5' title="bbox 117 1626 1665 2242">
     <span class='ocr_line' id='line_1_25' title="bbox 212 1626 1665 1672; baseline -0.001 -10"><span class='ocrx_word' id='word_1_184' title='bbox 212 1627 383 1672; x_wconf 85' lang='lat' dir='ltr'>Speciem</span> <span class='ocrx_word' id='word_1_185' title='bbox 408 1628 498 1662; x_wconf 89' lang='lat' dir='ltr'>Irid.</span> <span class='ocrx_word' id='word_1_186' title='bbox 526 1629 823 1663; x_wconf 66' lang='lat' dir='ltr'>membranaceae</span> <span class='ocrx_word' id='word_1_187' title='bbox 843 1626 1026 1661; x_wconf 82' lang='lat' dir='ltr'>affinitate</span> <span class='ocrx_word' id='word_1_188' title='bbox 1046 1627 1255 1672; x_wconf 86' lang='lat' dir='ltr'>proximam</span> <span class='ocrx_word' id='word_1_189' title='bbox 1274 1627 1486 1671; x_wconf 87' lang='lat' dir='ltr'>considero,</span> <span class='ocrx_word' id='word_1_190' title='bbox 1507 1626 1665 1661; x_wconf 85' lang='lat' dir='ltr'>suaden-</span> 
     </span>
     <span class='ocr_line' id='line_1_26' title="bbox 120 1684 1663 1730; baseline -0.001 -11"><span class='ocrx_word' id='word_1_191' title='bbox 120 1685 222 1720; x_wconf 89' lang='lat' dir='ltr'>tibus</span> <span class='ocrx_word' id='word_1_192' title='bbox 249 1684 541 1729; x_wconf 85' lang='lat' dir='ltr'>sphaerosporis,</span> <span class='ocrx_word' id='word_1_193' title='bbox 568 1684 819 1730; x_wconf 88' lang='lat' dir='ltr'>dispositione</span> <span class='ocrx_word' id='word_1_194' title='bbox 845 1684 1107 1719; x_wconf 88' lang='lat' dir='ltr'>consimilibus</span> <span class='ocrx_word' id='word_1_195' title='bbox 1129 1688 1167 1719; x_wconf 87' lang='lat' dir='ltr'>et</span> <span class='ocrx_word' id='word_1_196' title='bbox 1185 1685 1320 1719; x_wconf 85' lang='lat' dir='ltr'>Irideae</span> <span class='ocrx_word' id='word_1_197' title='bbox 1349 1684 1514 1729; x_wconf 84' lang='lat' dir='ltr'>speciem</span> <span class='ocrx_word' id='word_1_198' title='bbox 1533 1684 1663 1730; x_wconf 88' lang='lat' dir='ltr'>genui-</span> 
     </span>
     <span class='ocr_line' id='line_1_27' title="bbox 119 1741 1665 1786; baseline -0.001 -10"><span class='ocrx_word' id='word_1_199' title='bbox 119 1753 205 1776; x_wconf 86' lang='lat' dir='ltr'>nam</span> <span class='ocrx_word' id='word_1_200' title='bbox 231 1741 495 1786; x_wconf 84' lang='lat' dir='ltr'>probantibus.</span> <span class='ocrx_word' id='word_1_201' title='bbox 545 1741 852 1786; x_wconf 84' lang='lat' dir='ltr'>Rhodoglossum</span> <span class='ocrx_word' id='word_1_202' title='bbox 889 1741 1172 1786; x_wconf 86' lang='lat' dir='ltr'>purpuriferum</span> <span class='ocrx_word' id='word_1_203' title='bbox 1209 1742 1335 1776; x_wconf 89' lang='lat' dir='ltr'>colore</span> <span class='ocrx_word' id='word_1_204' title='bbox 1373 1745 1411 1776; x_wconf 92' lang='lat' dir='ltr'>et</span> <span class='ocrx_word' id='word_1_205' title='bbox 1450 1742 1665 1777; x_wconf 88' lang='lat' dir='ltr'>substantia</span> 
     </span>
     <span class='ocr_line' id='line_1_28' title="bbox 120 1797 1663 1844; baseline 0 -12"><span class='ocrx_word' id='word_1_206' title='bbox 120 1799 258 1843; x_wconf 87' lang='lat' dir='ltr'>simile,</span> <span class='ocrx_word' id='word_1_207' title='bbox 286 1799 563 1844; x_wconf 85' lang='lat' dir='ltr'>sphaerosporis</span> <span class='ocrx_word' id='word_1_208' title='bbox 590 1798 731 1843; x_wconf 85' lang='lat' dir='ltr'>ignotis</span> <span class='ocrx_word' id='word_1_209' title='bbox 751 1797 844 1832; x_wconf 82' lang='lat' dir='ltr'>mihi</span> <span class='ocrx_word' id='word_1_210' title='bbox 863 1798 984 1833; x_wconf 89' lang='lat' dir='ltr'>adhuc</span> <span class='ocrx_word' id='word_1_211' title='bbox 1003 1799 1125 1842; x_wconf 91' lang='lat' dir='ltr'>quoad</span> <span class='ocrx_word' id='word_1_212' title='bbox 1144 1809 1263 1843; x_wconf 85' lang='lat' dir='ltr'>genus</span> <span class='ocrx_word' id='word_1_213' title='bbox 1283 1798 1476 1843; x_wconf 85' lang='lat' dir='ltr'>paulisper</span> <span class='ocrx_word' id='word_1_214' title='bbox 1494 1798 1663 1841; x_wconf 87' lang='lat' dir='ltr'>dubium,</span> 
     </span>
     <span class='ocr_line' id='line_1_29' title="bbox 118 1855 1663 1900; baseline -0.001 -10"><span class='ocrx_word' id='word_1_215' title='bbox 118 1855 245 1890; x_wconf 82' lang='lat' dir='ltr'>forsan</span> <span class='ocrx_word' id='word_1_216' title='bbox 271 1868 418 1900; x_wconf 88' lang='lat' dir='ltr'>quoque</span> <span class='ocrx_word' id='word_1_217' title='bbox 445 1855 553 1890; x_wconf 88' lang='lat' dir='ltr'>affine</span> <span class='ocrx_word' id='word_1_218' title='bbox 580 1855 738 1891; x_wconf 83' lang='lat' dir='ltr'>credere</span> <span class='ocrx_word' id='word_1_219' title='bbox 764 1855 912 1890; x_wconf 88' lang='lat' dir='ltr'>liceret.</span> <span class='ocrx_word' id='word_1_220' title='bbox 964 1855 1133 1890; x_wconf 86' lang='lat' dir='ltr'>Stratum</span> <span class='ocrx_word' id='word_1_221' title='bbox 1161 1866 1249 1890; x_wconf 91' lang='lat' dir='ltr'>vero</span> <span class='ocrx_word' id='word_1_222' title='bbox 1276 1855 1598 1890; x_wconf 76' lang='lat' dir='ltr'>circumnucleare</span> <span class='ocrx_word' id='word_1_223' title='bbox 1624 1855 1663 1889; x_wconf 91' lang='lat' dir='ltr'>in</span> 
     </span>
     <span class='ocr_line' id='line_1_30' title="bbox 118 1913 1662 1959; baseline 0 -12"><span class='ocrx_word' id='word_1_224' title='bbox 118 1913 188 1948; x_wconf 88' lang='lat' dir='ltr'>hoc</span> <span class='ocrx_word' id='word_1_225' title='bbox 215 1913 351 1948; x_wconf 78' lang='lat' dir='ltr'>eximie</span> <span class='ocrx_word' id='word_1_226' title='bbox 379 1914 584 1957; x_wconf 86' lang='lat' dir='ltr'>evolutum,</span> <span class='ocrx_word' id='word_1_227' title='bbox 612 1916 654 1948; x_wconf 93' lang='lat' dir='ltr'>ut</span> <span class='ocrx_word' id='word_1_228' title='bbox 680 1913 718 1948; x_wconf 89' lang='lat' dir='ltr'>in</span> <span class='ocrx_word' id='word_1_229' title='bbox 744 1913 1001 1959; x_wconf 81' lang='lat' dir='ltr'>Rhodoglossi</span> <span class='ocrx_word' id='word_1_230' title='bbox 1028 1913 1227 1957; x_wconf 85' lang='lat' dir='ltr'>speciebus</span> <span class='ocrx_word' id='word_1_231' title='bbox 1254 1925 1386 1948; x_wconf 86' lang='lat' dir='ltr'>norma</span> <span class='ocrx_word' id='word_1_232' title='bbox 1411 1913 1572 1948; x_wconf 85' lang='lat' dir='ltr'>videtur.</span> <span class='ocrx_word' id='word_1_233' title='bbox 1621 1915 1662 1947; x_wconf 88' lang='lat' dir='ltr'>In</span> 
     </span>
     <span class='ocr_line' id='line_1_31' title="bbox 117 1969 1660 2005; baseline 0.001 -2"><span class='ocrx_word' id='word_1_234' title='bbox 117 1969 264 2004; x_wconf 86' lang='lat' dir='ltr'>Iridaeis</span> <span class='ocrx_word' id='word_1_235' title='bbox 292 1971 362 2005; x_wconf 83' lang='lat' dir='ltr'>hoc</span> <span class='ocrx_word' id='word_1_236' title='bbox 388 1973 551 2005; x_wconf 88' lang='lat' dir='ltr'>stratum</span> <span class='ocrx_word' id='word_1_237' title='bbox 575 1970 700 2005; x_wconf 89' lang='lat' dir='ltr'>minus</span> <span class='ocrx_word' id='word_1_238' title='bbox 727 1982 746 2004; x_wconf 91' lang='lat' dir='ltr'>a</span> <span class='ocrx_word' id='word_1_239' title='bbox 772 1970 846 2005; x_wconf 92' lang='lat' dir='ltr'>filis</span> <span class='ocrx_word' id='word_1_240' title='bbox 872 1969 1272 2005; x_wconf 87' lang='lat' dir='ltr'>circumambientibus</span> <span class='ocrx_word' id='word_1_241' title='bbox 1304 1970 1529 2004; x_wconf 84' lang='lat' dir='ltr'>distinctum</span> <span class='ocrx_word' id='word_1_242' title='bbox 1568 1971 1660 2005; x_wconf 91' lang='lat' dir='ltr'>mihi</span> 
     </span>
     <span class='ocr_line' id='line_1_32' title="bbox 118 2027 1661 2072; baseline 0.001 -12"><span class='ocrx_word' id='word_1_243' title='bbox 118 2027 312 2072; x_wconf 78' lang='lat' dir='ltr'>adparuit:</span> <span class='ocrx_word' id='word_1_244' title='bbox 338 2027 378 2061; x_wconf 89' lang='lat' dir='ltr'>in</span> <span class='ocrx_word' id='word_1_245' title='bbox 404 2028 451 2062; x_wconf 92' lang='lat' dir='ltr'>Ir.</span> <span class='ocrx_word' id='word_1_246' title='bbox 477 2028 766 2062; x_wconf 87' lang='lat' dir='ltr'>membranacea</span> <span class='ocrx_word' id='word_1_247' title='bbox 790 2027 904 2062; x_wconf 88' lang='lat' dir='ltr'>immo</span> <span class='ocrx_word' id='word_1_248' title='bbox 930 2027 1054 2061; x_wconf 87' lang='lat' dir='ltr'>minus</span> <span class='ocrx_word' id='word_1_249' title='bbox 1082 2027 1241 2060; x_wconf 87' lang='lat' dir='ltr'>densum</span> <span class='ocrx_word' id='word_1_250' title='bbox 1268 2038 1377 2070; x_wconf 86' lang='lat' dir='ltr'>quam</span> <span class='ocrx_word' id='word_1_251' title='bbox 1404 2027 1442 2062; x_wconf 84' lang='lat' dir='ltr'>in</span> <span class='ocrx_word' id='word_1_252' title='bbox 1463 2028 1661 2072; x_wconf 82' lang='lat' dir='ltr'>speciebus</span> 
     </span>
     <span class='ocr_line' id='line_1_33' title="bbox 117 2083 1661 2129; baseline 0.001 -12"><span class='ocrx_word' id='word_1_253' title='bbox 117 2083 264 2118; x_wconf 79' lang='lat' dir='ltr'>Iridaeae</span> <span class='ocrx_word' id='word_1_254' title='bbox 292 2084 428 2129; x_wconf 88' lang='lat' dir='ltr'>typicis</span> <span class='ocrx_word' id='word_1_255' title='bbox 456 2084 638 2119; x_wconf 89' lang='lat' dir='ltr'>obvenire</span> <span class='ocrx_word' id='word_1_256' title='bbox 663 2084 756 2118; x_wconf 87' lang='lat' dir='ltr'>mihi</span> <span class='ocrx_word' id='word_1_257' title='bbox 782 2084 904 2118; x_wconf 87' lang='lat' dir='ltr'>visum</span> <span class='ocrx_word' id='word_1_258' title='bbox 931 2087 1002 2119; x_wconf 87' lang='lat' dir='ltr'>est.</span> <span class='ocrx_word' id='word_1_259' title='bbox 1050 2083 1187 2118; x_wconf 89' lang='lat' dir='ltr'>Utrum</span> <span class='ocrx_word' id='word_1_260' title='bbox 1219 2088 1343 2118; x_wconf 85' lang='lat' dir='ltr'>autem</span> <span class='ocrx_word' id='word_1_261' title='bbox 1376 2085 1433 2119; x_wconf 82' lang='lat' dir='ltr'>hae</span> <span class='ocrx_word' id='word_1_262' title='bbox 1461 2085 1661 2120; x_wconf 86' lang='lat' dir='ltr'>diversita-</span> 
     </span>
     <span class='ocr_line' id='line_1_34' title="bbox 118 2140 1656 2186; baseline 0.001 -12"><span class='ocrx_word' id='word_1_263' title='bbox 118 2143 175 2174; x_wconf 84' lang='lat' dir='ltr'>tes</span> <span class='ocrx_word' id='word_1_264' title='bbox 202 2151 223 2174; x_wconf 89' lang='lat' dir='ltr'>a</span> <span class='ocrx_word' id='word_1_265' title='bbox 246 2143 468 2175; x_wconf 80' lang='lat' dir='ltr'>maturltate</span> <span class='ocrx_word' id='word_1_266' title='bbox 493 2140 638 2175; x_wconf 88' lang='lat' dir='ltr'>fructus</span> <span class='ocrx_word' id='word_1_267' title='bbox 665 2141 870 2185; x_wconf 88' lang='lat' dir='ltr'>pendeant,</span> <span class='ocrx_word' id='word_1_268' title='bbox 898 2152 944 2175; x_wconf 89' lang='lat' dir='ltr'>an</span> <span class='ocrx_word' id='word_1_269' title='bbox 970 2141 1009 2174; x_wconf 90' lang='lat' dir='ltr'>in</span> <span class='ocrx_word' id='word_1_270' title='bbox 1036 2142 1241 2186; x_wconf 83' lang='lat' dir='ltr'>generibus</span> <span class='ocrx_word' id='word_1_271' title='bbox 1268 2140 1565 2185; x_wconf 66' lang='lat' dir='ltr'>‘distinguendis</span> <span class='ocrx_word' id='word_1_272' title='bbox 1596 2154 1656 2176; x_wconf 75' lang='lat' dir='ltr'>va·</span> 
     </span>
     <span class='ocr_line' id='line_1_35' title="bbox 118 2197 1288 2242; baseline 0.001 -11"><span class='ocrx_word' id='word_1_273' title='bbox 118 2197 235 2242; x_wconf 88' lang='lat' dir='ltr'>leant,</span> <span class='ocrx_word' id='word_1_274' title='bbox 263 2197 421 2232; x_wconf 90' lang='lat' dir='ltr'>nimium</span> <span class='ocrx_word' id='word_1_275' title='bbox 447 2198 569 2232; x_wconf 85' lang='lat' dir='ltr'>adhuc</span> <span class='ocrx_word' id='word_1_276' title='bbox 594 2197 783 2233; x_wconf 86' lang='lat' dir='ltr'>incertum</span> <span class='ocrx_word' id='word_1_277' title='bbox 809 2209 907 2242; x_wconf 90' lang='lat' dir='ltr'>esse,</span> <span class='ocrx_word' id='word_1_278' title='bbox 933 2197 1288 2233; x_wconf 80' lang='lat' dir='ltr'>confitendum-est.</span> 
     </span>
    </p>
   </div>
   <div class='ocr_carea' id='block_1_4' title="bbox 440 2302 1330 2437">
    <p class='ocr_par' dir='ltr' id='par_1_6' title="bbox 440 2302 1330 2437">
     <span class='ocr_line' id='line_1_36' title="bbox 654 2302 1128 2356; baseline 0 -12"><span class='ocrx_word' id='word_1_279' title='bbox 654 2302 820 2355; x_wconf 70' lang='lat' dir='ltr'>Species</span> <span class='ocrx_word' id='word_1_280' title='bbox 854 2303 1128 2356; x_wconf 73' lang='lat' dir='ltr'>inquirendoe.</span> 
     </span>
     <span class='ocr_line' id='line_1_37' title="bbox 440 2382 1330 2437; baseline 0.002 -14"><span class='ocrx_word' id='word_1_281' title='bbox 440 2383 481 2435; x_wconf 87' lang='lat' dir='ltr'>a)</span> <span class='ocrx_word' id='word_1_282' title='bbox 512 2396 562 2424; x_wconf 72' lang='lat' dir='ltr'>ex</span> <span class='ocrx_word' id='word_1_283' title='bbox 599 2382 762 2425; x_wconf 77' lang='lat' dir='ltr'>Oceano</span> <span class='ocrx_word' id='word_1_284' title='bbox 783 2384 965 2437; x_wconf 57' lang='lat' dir='ltr'>pacifico</span> <span class='ocrx_word' id='word_1_285' title='bbox 996 2383 1330 2436; x_wconf 63' lang='lat' dir='ltr'>septentrionali.</span> 
     </span>
    </p>
   </div>
   <div class='ocr_carea' id='block_1_5' title="bbox 116 2460 1659 2924">
    <p class='ocr_par' dir='ltr' id='par_1_7' title="bbox 116 2460 1659 2924">
     <span class='ocr_line' id='line_1_38' title="bbox 117 2460 1659 2515; baseline 0.001 -12"><span class='ocrx_word' id='word_1_286' title='bbox 117 2462 176 2503; x_wconf 73' lang='lat' dir='ltr'>In.</span> <span class='ocrx_word' id='word_1_287' title='bbox 208 2474 499 2502; x_wconf 75' lang='lat' dir='ltr'><strong>HETEROGARPA</strong></span> <span class='ocrx_word' id='word_1_288' title='bbox 535 2460 649 2503; x_wconf 82' lang='lat' dir='ltr'>Post.</span> <span class='ocrx_word' id='word_1_289' title='bbox 681 2464 719 2502; x_wconf 82' lang='lat' dir='ltr'>et</span> <span class='ocrx_word' id='word_1_290' title='bbox 751 2461 888 2515; x_wconf 80' lang='lat' dir='ltr'>Rupr.</span> <span class='ocrx_word' id='word_1_291' title='bbox 919 2462 998 2504; x_wconf 73' lang='lat' dir='ltr'>Ill.</span> <span class='ocrx_word' id='word_1_292' title='bbox 1024 2477 1067 2515; x_wconf 88' lang='lat' dir='ltr'>p.</span> <span class='ocrx_word' id='word_1_293' title='bbox 1106 2464 1167 2504; x_wconf 89' lang='grc'>18.</span> <span class='ocrx_word' id='word_1_294' title='bbox 1200 2462 1244 2506; x_wconf 89' lang='lat' dir='ltr'>J.</span> <span class='ocrx_word' id='word_1_295' title='bbox 1278 2462 1358 2515; x_wconf 67' lang='lat' dir='ltr'>Agl.</span> <span class='ocrx_word' id='word_1_296' title='bbox 1395 2463 1465 2515; x_wconf 90' lang='lat' dir='ltr'>Sp.</span> <span class='ocrx_word' id='word_1_297' title='bbox 1488 2478 1535 2515; x_wconf 83' lang='lat' dir='ltr'>p.</span> <span class='ocrx_word' id='word_1_298' title='bbox 1566 2464 1659 2504; x_wconf 73' lang='grc'><strong>256.</strong></span> 
     </span>
     <span class='ocr_line' id='line_1_39' title="bbox 117 2529 1658 2585; baseline 0.001 -14"><span class='ocrx_word' id='word_1_299' title='bbox 117 2530 174 2571; x_wconf 80' lang='lat' dir='ltr'>IR.</span> <span class='ocrx_word' id='word_1_300' title='bbox 207 2542 493 2570; x_wconf 78' lang='lat' dir='ltr'><strong>PHYLLOCARPA</strong></span> <span class='ocrx_word' id='word_1_301' title='bbox 529 2529 644 2571; x_wconf 82' lang='lat' dir='ltr'>Post.</span> <span class='ocrx_word' id='word_1_302' title='bbox 676 2533 714 2571; x_wconf 77' lang='lat' dir='ltr'>et</span> <span class='ocrx_word' id='word_1_303' title='bbox 748 2529 883 2582; x_wconf 75' lang='lat' dir='ltr'>Rupr.</span> <span class='ocrx_word' id='word_1_304' title='bbox 924 2529 999 2572; x_wconf 80' lang='lat' dir='ltr'>Ill.</span> <span class='ocrx_word' id='word_1_305' title='bbox 1022 2544 1069 2583; x_wconf 92' lang='lat' dir='ltr'>p.</span> <span class='ocrx_word' id='word_1_306' title='bbox 1105 2532 1167 2572; x_wconf 84' lang='lat'>18.</span> <span class='ocrx_word' id='word_1_307' title='bbox 1199 2531 1243 2573; x_wconf 87' lang='lat' dir='ltr'>J.</span> <span class='ocrx_word' id='word_1_308' title='bbox 1276 2531 1356 2585; x_wconf 71' lang='lat' dir='ltr'>Ay.</span> <span class='ocrx_word' id='word_1_309' title='bbox 1393 2531 1462 2584; x_wconf 84' lang='lat' dir='ltr'>Sp.</span> <span class='ocrx_word' id='word_1_310' title='bbox 1487 2545 1532 2584; x_wconf 90' lang='lat' dir='ltr'>p.</span> <span class='ocrx_word' id='word_1_311' title='bbox 1566 2532 1658 2572; x_wconf 83' lang='grc'><strong>257.</strong></span> 
     </span>
     <span class='ocr_line' id='line_1_40' title="bbox 116 2596 1544 2652; baseline 0.001 -14"><span class='ocrx_word' id='word_1_312' title='bbox 116 2597 176 2639; x_wconf 73' lang='lat' dir='ltr'>In.</span> <span class='ocrx_word' id='word_1_313' title='bbox 208 2610 386 2638; x_wconf 71' lang='lat' dir='ltr'>soomms</span> <span class='ocrx_word' id='word_1_314' title='bbox 423 2596 537 2638; x_wconf 80' lang='lat' dir='ltr'>Post.</span> <span class='ocrx_word' id='word_1_315' title='bbox 570 2601 606 2639; x_wconf 80' lang='lat' dir='ltr'>ct</span> <span class='ocrx_word' id='word_1_316' title='bbox 640 2596 777 2650; x_wconf 80' lang='lat' dir='ltr'>Rupr.</span> <span class='ocrx_word' id='word_1_317' title='bbox 809 2596 884 2639; x_wconf 75' lang='lat' dir='ltr'>Ill.</span> <span class='ocrx_word' id='word_1_318' title='bbox 905 2612 952 2650; x_wconf 89' lang='lat' dir='ltr'>p.</span> <span class='ocrx_word' id='word_1_319' title='bbox 991 2600 1054 2641; x_wconf 86' lang='grc'>18.</span> <span class='ocrx_word' id='word_1_320' title='bbox 1085 2598 1128 2640; x_wconf 89' lang='lat' dir='ltr'>J.</span> <span class='ocrx_word' id='word_1_321' title='bbox 1161 2598 1243 2652; x_wconf 71' lang='lat' dir='ltr'>Ay.</span> <span class='ocrx_word' id='word_1_322' title='bbox 1277 2599 1348 2652; x_wconf 84' lang='lat' dir='ltr'>Sp.</span> <span class='ocrx_word' id='word_1_323' title='bbox 1372 2613 1419 2652; x_wconf 91' lang='lat' dir='ltr'>p.</span> <span class='ocrx_word' id='word_1_324' title='bbox 1453 2600 1544 2640; x_wconf 87' lang='grc'><strong>260.</strong></span> 
     </span>
     <span class='ocr_line' id='line_1_41' title="bbox 116 2664 1530 2721; baseline 0.001 -16"><span class='ocrx_word' id='word_1_325' title='bbox 116 2665 174 2706; x_wconf 70' lang='lat' dir='ltr'>In.</span> <span class='ocrx_word' id='word_1_326' title='bbox 207 2677 362 2705; x_wconf 71' lang='lat' dir='ltr'><strong>LACERA</strong></span> <span class='ocrx_word' id='word_1_327' title='bbox 399 2664 514 2707; x_wconf 81' lang='lat' dir='ltr'>Post.</span> <span class='ocrx_word' id='word_1_328' title='bbox 546 2669 584 2706; x_wconf 76' lang='lat' dir='ltr'>et</span> <span class='ocrx_word' id='word_1_329' title='bbox 620 2666 756 2718; x_wconf 79' lang='lat' dir='ltr'>Rupr.</span> <span class='ocrx_word' id='word_1_330' title='bbox 789 2665 867 2707; x_wconf 77' lang='lat' dir='ltr'>Ill.</span> <span class='ocrx_word' id='word_1_331' title='bbox 890 2680 937 2718; x_wconf 89' lang='lat' dir='ltr'>p.</span> <span class='ocrx_word' id='word_1_332' title='bbox 975 2668 1036 2707; x_wconf 79' lang='lat'>17.</span> <span class='ocrx_word' id='word_1_333' title='bbox 1069 2666 1114 2709; x_wconf 87' lang='lat' dir='ltr'>J.</span> <span class='ocrx_word' id='word_1_334' title='bbox 1147 2666 1228 2721; x_wconf 66' lang='lat' dir='ltr'>Ay.</span> <span class='ocrx_word' id='word_1_335' title='bbox 1264 2667 1335 2720; x_wconf 90' lang='lat' dir='ltr'>Sp.</span> <span class='ocrx_word' id='word_1_336' title='bbox 1357 2681 1405 2720; x_wconf 90' lang='lat' dir='ltr'>p.</span> <span class='ocrx_word' id='word_1_337' title='bbox 1438 2668 1530 2707; x_wconf 80' lang='grc'><strong>259.</strong></span> 
     </span>
     <span class='ocr_line' id='line_1_42' title="bbox 116 2732 1543 2788; baseline 0.003 -16"><span class='ocrx_word' id='word_1_338' title='bbox 116 2732 174 2773; x_wconf 71' lang='lat' dir='ltr'>In.</span> <span class='ocrx_word' id='word_1_339' title='bbox 207 2746 385 2773; x_wconf 79' lang='lat' dir='ltr'>PINNATA</span> <span class='ocrx_word' id='word_1_340' title='bbox 423 2732 538 2774; x_wconf 80' lang='lat' dir='ltr'>Post.</span> <span class='ocrx_word' id='word_1_341' title='bbox 568 2737 606 2775; x_wconf 80' lang='lat' dir='ltr'>et</span> <span class='ocrx_word' id='word_1_342' title='bbox 639 2733 775 2786; x_wconf 77' lang='lat' dir='ltr'>Rupr.</span> <span class='ocrx_word' id='word_1_343' title='bbox 809 2733 884 2774; x_wconf 75' lang='lat' dir='ltr'>Ill.</span> <span class='ocrx_word' id='word_1_344' title='bbox 906 2747 954 2786; x_wconf 89' lang='lat' dir='ltr'>p.</span> <span class='ocrx_word' id='word_1_345' title='bbox 990 2735 1052 2775; x_wconf 91' lang='grc'>18.</span> <span class='ocrx_word' id='word_1_346' title='bbox 1085 2734 1129 2776; x_wconf 86' lang='lat' dir='ltr'>J.</span> <span class='ocrx_word' id='word_1_347' title='bbox 1161 2734 1244 2787; x_wconf 72' lang='lat' dir='ltr'>Ay.</span> <span class='ocrx_word' id='word_1_348' title='bbox 1278 2736 1347 2788; x_wconf 87' lang='lat' dir='ltr'>Sp.</span> <span class='ocrx_word' id='word_1_349' title='bbox 1371 2749 1418 2787; x_wconf 90' lang='lat' dir='ltr'>p.</span> <span class='ocrx_word' id='word_1_350' title='bbox 1450 2736 1543 2776; x_wconf 83' lang='grc'><strong>258.</strong></span> 
     </span>
     <span class='ocr_line' id='line_1_43' title="bbox 117 2799 1541 2855; baseline 0.002 -15"><span class='ocrx_word' id='word_1_351' title='bbox 117 2799 174 2840; x_wconf 72' lang='lat' dir='ltr'>Ia.</span> <span class='ocrx_word' id='word_1_352' title='bbox 209 2812 382 2840; x_wconf 66' lang='lat' dir='ltr'>PUNICEA</span> <span class='ocrx_word' id='word_1_353' title='bbox 419 2799 532 2841; x_wconf 81' lang='lat' dir='ltr'>Post.</span> <span class='ocrx_word' id='word_1_354' title='bbox 565 2804 601 2842; x_wconf 79' lang='lat' dir='ltr'>et</span> <span class='ocrx_word' id='word_1_355' title='bbox 635 2801 772 2853; x_wconf 71' lang='lat' dir='ltr'>Rupr.</span> <span class='ocrx_word' id='word_1_356' title='bbox 808 2801 880 2842; x_wconf 80' lang='lat' dir='ltr'>Ill.</span> <span class='ocrx_word' id='word_1_357' title='bbox 903 2815 951 2854; x_wconf 87' lang='lat' dir='ltr'>p.</span> <span class='ocrx_word' id='word_1_358' title='bbox 987 2802 1049 2841; x_wconf 88' lang='grc'>18.</span> <span class='ocrx_word' id='word_1_359' title='bbox 1081 2801 1125 2844; x_wconf 90' lang='lat' dir='ltr'>J.</span> <span class='ocrx_word' id='word_1_360' title='bbox 1159 2804 1239 2855; x_wconf 69' lang='lat' dir='ltr'>Ay.</span> <span class='ocrx_word' id='word_1_361' title='bbox 1277 2802 1347 2855; x_wconf 87' lang='lat' dir='ltr'>Sp.</span> <span class='ocrx_word' id='word_1_362' title='bbox 1371 2816 1417 2855; x_wconf 92' lang='lat' dir='ltr'>p.</span> <span class='ocrx_word' id='word_1_363' title='bbox 1450 2804 1541 2843; x_wconf 80' lang='grc'><strong>257.</strong></span> 
     </span>
     <span class='ocr_line' id='line_1_44' title="bbox 117 2866 1653 2924; baseline 0.003 -17"><span class='ocrx_word' id='word_1_364' title='bbox 117 2867 174 2908; x_wconf 78' lang='lat' dir='ltr'>In.</span> <span class='ocrx_word' id='word_1_365' title='bbox 206 2879 431 2909; x_wconf 82' lang='lat' dir='ltr'>PUSTULOSA</span> <span class='ocrx_word' id='word_1_366' title='bbox 467 2866 581 2910; x_wconf 83' lang='lat' dir='ltr'>Post.</span> <span class='ocrx_word' id='word_1_367' title='bbox 613 2872 650 2910; x_wconf 82' lang='lat' dir='ltr'>et</span> <span class='ocrx_word' id='word_1_368' title='bbox 683 2868 818 2921; x_wconf 78' lang='lat' dir='ltr'>Rupr.</span> <span class='ocrx_word' id='word_1_369' title='bbox 850 2868 875 2910; x_wconf 81' lang='lat' dir='ltr'>l.</span> <span class='ocrx_word' id='word_1_370' title='bbox 907 2883 938 2911; x_wconf 81' lang='lat' dir='ltr'>c.</span> <span class='ocrx_word' id='word_1_371' title='bbox 971 2868 1052 2910; x_wconf 79' lang='lat' dir='ltr'>tab.</span> <span class='ocrx_word' id='word_1_372' title='bbox 1085 2870 1150 2911; x_wconf 77' lang='lat'>32.</span> <span class='ocrx_word' id='word_1_373' title='bbox 1188 2869 1233 2913; x_wconf 87' lang='lat' dir='ltr'>J.</span> <span class='ocrx_word' id='word_1_374' title='bbox 1272 2869 1353 2924; x_wconf 68' lang='lat' dir='ltr'>Ay.</span> <span class='ocrx_word' id='word_1_375' title='bbox 1387 2869 1457 2922; x_wconf 85' lang='lat' dir='ltr'>Sp.</span> <span class='ocrx_word' id='word_1_376' title='bbox 1481 2883 1529 2922; x_wconf 90' lang='lat' dir='ltr'>p.</span> <span class='ocrx_word' id='word_1_377' title='bbox 1561 2871 1653 2911; x_wconf 80' lang='lat'>255.</span> 
     </span>
    </p>
   </div>
  </div>
 </body>
</html>
