1757 3114
77 123 157 163 232
706 122 988 164 GIGARTINEAE.
1319 115 1608 171 Gallophgyllis.
1660 175 1662 177 ‚
1702 92 1709 98 i

191 236 349 291 phyllis
389 234 734 289 prolificantibus
781 231 1125 285 simpliciusculis
1169 231 1612 285 oblongo-linearibus

191 305 285 347 basi
329 306 373 345 in
420 304 612 357 stipitem
667 307 840 344 tenuem
886 301 1131 352 contractis,
1162 315 1273 342 1111110
1327 300 1612 351 subcuneatis,

194 373 389 427 margine
418 372 660 421 fimbriatis,
706 370 886 412 fimbriis
916 372 1098 422 anguste
1127 369 1363 412 linearibus
1395 370 1614 410 acumina-

191 443 246 483 tis
279 441 472 494 sparsius
511 440 710 491 dentatis,
757 452 836 479 sua
879 437 1147 491 longitudine
1183 436 1452 479 latitudinem
1500 438 1615 490 ipsa-

191 524 290 552 rum
320 508 520 561 multiplo
552 507 871 561 superantibus,
906 506 1186 560 cystocarpiis
1230 506 1273 546 in
1312 505 1485 548 fimbria
1516 506 1616 547 sub-

193 577 389 632 singulis.
425 576 708 630 Gallophgslle's
742 575 1070 616 Hombroniana
1101 574 1237 616 Hook.
1259 578 1295 616 et
1318 573 1455 616 Hal-v.
1476 575 1521 616 iu
1545 574 1591 615 F
1590 574 1604 615 l
1610 608 1618 615 .

192 650 373 698 (wiffare-t,
419 646 502 687 tab.
541 647 592 686 72
614 645 691 699 fiy.
722 645 759 685 2.
806 644 912 698 (non
957 642 1212 698 Montagne)
1256 643 1301 685 J.
1332 642 1412 696 Ay.
1444 644 1488 685 iu
1522 642 1620 697 Azy.

197 716 318 758 Chat.
352 714 492 757 Insul.

196 784 308 826 Hab.
340 784 396 825 ad
426 783 592 825 Novam
623 781 874 824 Zelandiam
905 783 947 823 et
977 781 1061 822 Ins.
1084 778 1281 833 Chatam,
1303 781 1347 822 in
1375 780 1472 822 aliis
1504 780 1623 834 Algis

468 852 623 905 saepius
655 851 901 904 parasitica.

172 923 263 958 Cum
290 923 383 957 Call.
403 920 687 956 Hombroniana
702 920 837 963 Mont.,
857 920 962 965 cujus
983 919 1190 964 specimina
1203 919 1368 964 juniora,
1387 922 1516 953 tamen
1538 930 1622 963 cap-

82 981 256 1017 sulifera!
285 980 422 1015 sistere
449 978 708 1014 consideravit
732 978 896 1022 Harvey,
913 978 1014 1012 haud
1033 978 1310 1013 confundenda.
1347 977 1622 1023 Speciminibus

81 1037 257 1084 plurimis
295 1036 495 1080 utriusque
531 1036 638 1078 visis,
677 1035 823 1079 species
856 1034 1009 1070 omnino
1035 1034 1205 1069 diversas
1233 1037 1337 1080 puto.
1388 1035 1427 1069 C.
1455 1034 1623 1068 callible-

81 1095 286 1141 pharoides
305 1093 439 1128 habitu
455 1093 535 1127 fere
551 1092 777 1137 Callibleph.
798 1091 965 1126 ciliatam
982 1091 1120 1133 refert3
1148 1092 1186 1126 C.
1206 1092 1489 1127 Hombroniana
1506 1093 1624 1126 multo

83 1153 203 1199 magis
231 1152 325 1187 Call.
351 1150 578 1194 Lambertii,
606 1154 644 1184 at
673 1150 826 1185 omnino
857 1149 989 1194 plana!
1030 1149 1171 1184 Caveas
1198 1162 1244 1184 ne
1271 1154 1441 1186 nostram
1467 1163 1549 1184 cnm
1577 1151 1625 1184 si·

84 1211 246 1245 millima
282 1209 483 1254 Rhodoph.
522 1209 801 1253 acanthocarpa
838 1210 903 1241 aut
948 1218 1032 1241 cum
1070 1208 1343 1253 Cladhymenia
1378 1208 1626 1253 oblongifolia

85 1267 307 1303 confundas.

88 1351 153 1392 10.
185 1349 231 1391 C.
264 1348 577 1390 HOMBRONIANA
607 1342 763 1398 (Momf.
786 1345 924 1398 prodr
959 1344 1050 1387 Pol.
1075 1344 1175 1388 Sud.
1189 1360 1235 1398 p.
1258 1345 1303 1397 3)
1325 1344 1476 1386 fronde
1498 1345 1628 1398 plana

200 1416 453 1471 angustiori,
488 1414 1054 1468 decomposito-dichotoma
1084 1418 1126 1455 et
1154 1414 1385 1467 segmentis
1416 1413 1628 1466 pinnatim

202 1486 422 1540 dispositis
461 1484 691 1538 pinnisque
727 1496 753 1523 a
783 1483 978 1537 margine
1017 1482 1362 1524 excrescentibus
1402 1481 1627 1535 decompo-

200 1556 499 1609 sito—pinnata,
557 1552 808 1595 rachidibus
853 1553 948 1594 basi
993 1553 1062 1594 vix
1107 1551 1346 1605 angustatis
1392 1551 1628 1593 linearibus

200 1625 343 1679 planis
374 1638 452 1677 per
482 1627 621 1664 totam
650 1622 967 1676 longitudinem
989 1635 1015 1662 a
1035 1622 1232 1674 margine
1262 1620 1505 1671 fimbriatis,
1537 1620 1628 1661 fim-

203 1694 311 1736 briis
343 1691 645 1745 decompositis
691 1691 822 1732 dense
868 1690 1055 1731 dentatis
1101 1690 1416 1743 laciniaffisque,
1462 1689 1628 1730 laciniis

207 1762 485 1805 subcuneatis
531 1761 651 1814 apice
698 1761 902 1812 dentatis,
935 1774 1013 1802 sua
1045 1759 1312 1813 longitudine
1356 1758 1628 1800 latitudinem

204 1833 398 1886 ipsarum
428 1830 494 1871 bis
526 1833 602 1870 aut
632 1833 699 1871 ter
731 1829 1054 1882 superantibus,
1087 1827 1365 1882 cystocarpiis
1395 1828 1439 1868 in
1470 1827 1631 1868 lacinia

205 1900 481 1954 subsingulis.
515 1899 651 1940 Dffom‘.
691 1896 786 1952 Voy.
824 1897 915 1940 Pol.
950 1897 1051 1940 Sud.
1073 1898 1142 1939 tab
1166 1897 1291 1952 [figl.
1314 1897 1350 1937 2.
1385 1896 1514 1937 Kizte.
1547 1896 1630 1937 tab.

209 1968 337 2022 Phyle.
382 1967 470 2009 Vol.
506 1966 663 2008 XVII
690 1966 772 2008 tab.
807 1966 871 2007 89.

358 2035 468 2078 Hab.
502 2036 557 2076 ad
588 2034 755 2076 Novam
785 2034 1036 2076 Zelandiam
1068 2034 1365 2089 (Berggrenl).

182 2115 442 2150 Antecedenti
466 2114 585 2149 multo
610 2114 730 2158 major
756 2113 953 2159 magisque
979 2113 1252 2158 decomposita,
1291 2113 1443 2148 omnino
1481 2113 1633 2147 diversa

94 2175 259 2220 species!
299 2173 472 2208 Frondes
497 2172 537 2206 in
562 2172 721 2217 rupibus
749 2174 788 2205 et
814 2171 1009 2216 stipitibus
1049 2172 1331 2216 Zoophytarum
1369 2182 1540 2206 crescere
1578 2171 1632 2204 vi-

93 2234 245 2276 dentur,
270 2242 369 2265 nunc
395 2230 551 2275 pedales
579 2233 617 2263 et
642 2230 756 2272 ultra,
783 2229 1002 2263 rachidibus
1029 2230 1117 2263 2—:3
1142 2228 1262 2263 lineas
1291 2229 1392 2263 latis.
1443 2229 1521 2262 Aut
1547 2238 1632 2272 seg-

94 2290 233 2325 mentis
261 2289 476 2323 dichotome
504 2287 654 2331 divisis,
682 2287 823 2321 sensim
849 2287 888 2320 in
913 2287 1013 2321 latus
1035 2287 1208 2331 dejectis,
1229 2289 1294 2320 aut
1311 2285 1472 2321 fimbriis
1492 2285 1531 2319 in
1549 2285 1632 2329 pin-

94 2360 161 2382 nas
190 2346 504 2381 excrescentibus
530 2345 676 2390 pluries
704 2344 975 2389 decomposita,
994 2344 1214 2378 rachidibus
1235 2347 1274 2378 et
1292 2346 1576 2389 segmentorum
1595 2344 1635 2375 et

94 2406 297 2451 pinnarum
311 2404 358 2438 ad
371 2405 501 2439 basem
515 2403 578 2438 vix
592 2402 795 2446 conspicue
815 2401 1039 2444 attenuatis,
1059 2401 1147 2435 dum
1164 2401 1201 2435 in
1224 2401 1262 2435 C.
1282 2399 1633 2445 calliblepharoide,

96 2468 139 2499 ut
164 2462 484 2509 prolificationum
511 2472 642 2496 norma
668 2462 739 2504 est,
765 2460 896 2504 phylla
920 2459 1046 2493 omnia
1073 2462 1161 2492 sunt
1186 2459 1233 2493 ad
1255 2460 1385 2493 basem
1403 2458 1443 2492 in
1462 2457 1633 2502 stipitem

97 2525 251 2557 tenuem
278 2522 484 2555 contracta.
520 2517 699 2553 Fimbriae
725 2518 845 2551 multo
870 2516 991 2562 magis
1019 2515 1238 2560 compositae
1272 2518 1361 2549 sunt
1385 2514 1463 2548 fere
1490 2525 1634 2557 corym-

97 2578 412 2614 boso-flabellatae
441 2579 505 2610 aut
529 2576 668 2610 iterum
694 2574 880 2619 pinnatae:
903 2573 1074 2617 juniores
1102 2573 1147 2606 ad
1173 2573 1301 2606 basem
1329 2571 1464 2605 eximie
1486 2574 1635 2605 contra-

99 2639 170 2670 ctae
198 2633 507 2678 simpliciusculae
535 2636 574 2666 et
600 2635 783 2674 cuneatae,
810 2630 916 2675 apice
942 2630 1026 2674 plus
1053 2630 1176 2664 minus
1203 2629 1408 2671 laciniatae,
1427 2627 1633 2662 adultiores

99 2691 383 2737 decompositae.
435 2689 681 2734 Cystocarpia
705 2689 745 2722 in
770 2687 920 2722 laciniis
954 2687 1186 2721 fimbriarum
1223 2686 1302 2720 fere
1341 2686 1502 2730 singula,
1537 2687 1634 2718 stru-

101 2753 209 2784 ctura
234 2748 400 2795 generis.
438 2747 720 2791 Sphaerosporae
748 2755 896 2789 quoque
921 2744 960 2777 in
979 2744 1137 2778 fimbriis
1157 2743 1380 2777 incrassatis
1409 2741 1506 2784 sitae,
1532 2741 1635 2775 inter

100 2807 164 2841 fila
191 2807 302 2841 strati
330 2804 532 2839 exterioris
560 2803 763 2839 verticalia
788 2802 1087 2847 subprolongata
1113 2801 1267 2835 densius
1294 2800 1526 2843 nidulantes,
1553 2810 1634 2832 cru-

101 2863 228 2898 ciatim
256 2861 401 2896 divisae.
