1762 3036
65 119 352 162 Nemastoma.
634 116 1032 160 CRYPTONEMIAOEAE.
1515 121 1590 161 131

208 233 249 254 *²²⁶
283 231 453 274 Fronde
483 231 876 284 compresso-plana
897 232 1119 284 pimzatim
1150 234 1445 286 decomposita.

64 337 125 377 12.
157 334 222 376 N?
253 334 578 375 GELINARIOIDES
610 334 773 389 (Ham).
804 333 903 387 Algs,
936 333 1084 376 Austr.
1118 349 1204 377 eccs.
1225 349 1295 377 mo
1318 336 1421 391 433)
1442 335 1593 378 fronde

170 403 568 456 compresso-plana
599 417 746 445 crassa
776 403 989 457 pinnatim
1026 403 1333 458 decomposita,
1369 405 1512 458 pinnis
1543 405 1593 446 li-

149 462 372 514 ²nearibus
412 473 606 526 margine
637 472 867 524 laciniatis,
907 472 1195 514 adultioribus
1232 473 1496 526 patentibuS,
1524 474 1593 528 ju-

156 541 362 590 nioribus
394 542 690 584 erectiusculis
722 541 915 595 margine
947 542 1342 585 serrato-dentatis.

321 622 385 663 Ad
418 637 517 665 oras
548 622 834 665 occidentales
865 636 983 664 novae
1013 623 1258 666 Hollandiae
1289 625 1522 682 (Harveyl)

144 703 370 748 Harveyana
394 705 527 748 planta
561 704 677 739 habet
713 704 848 738 faciem
885 707 1082 739 externam
1109 705 1313 740 Gelinariae
1342 706 1592 749 simillimam3

9 764 11 766 ’
56 764 94 796 at
129 761 253 795 minor
291 764 329 795 et
367 764 561 795 structura
598 761 750 796 omnino
791 762 955 796 diversa.
1005 762 1128 797 Frons
1160 763 1270 808 hujus
1302 764 1454 807 quidem
1486 776 1593 809 oeque

56 818 242 860 tubulosa,
269 817 343 851 filis
371 818 560 863 elongatis
588 818 798 853 directione
824 819 1021 864 tangentis
1049 820 1341 855 excurrentibus
1361 821 1592 857 numerosio-

54 875 158 909 ribus
190 875 321 909 tubum
355 874 563 909 introrsum
592 875 865 915 limitantibus;
893 887 939 909 ex
964 876 1024 910 his
1051 876 1115 910 fila
1140 877 1340 911 verticalia
1363 878 1592 913 densissima

56 934 94 965 et
132 932 311 977 elongata
349 932 463 976 (male
501 933 540 966 in
572 932 715 966 nostris
741 932 1032 978 reviviscentia)
1058 933 1232 968 articulis
1260 933 1507 971 interioribus
1534 949 1593 972 ro-

54 988 238 1032 tundatis,
265 1000 365 1023 nunc
390 989 469 1023 fere
496 988 851 1024 cellulae-formibus
885 993 923 1024 et
948 990 987 1024 ni
1012 990 1123 1025 fallor
1148 991 1312 1025 invicem
1345 993 1594 1028 anastomosi-

53 1046 121 1080 bus
143 1046 303 1091 junctis,
331 1046 586 1081 exterioribus
612 1047 653 1080 in
678 1046 743 1080 fila
768 1048 944 1082 tenuiora
968 1048 1194 1092 conjunctis.
1235 1048 1403 1083 Stratum
1428 1050 1592 1085 interius

53 1106 203 1138 constat
239 1103 313 1138 filis
353 1103 542 1149 elongatis
580 1105 712 1138 tubum
745 1104 849 1138 varia
875 1104 1085 1140 directione
1112 1106 1234 1140 laxius
1261 1107 1593 1152 percurrentibus,

53 1159 136 1194 aliis
174 1160 410 1194 tenuissimis
448 1160 552 1194 intra
587 1161 721 1195 tubum
764 1160 961 1206 hyalinum
999 1162 1122 1196 canali
1161 1163 1364 1198 articulato
1400 1165 1590 1209 praeditis,

52 1216 136 1250 aliis
172 1216 349 1262 multiplo
383 1217 649 1262 crassioribus,
676 1219 783 1262 quasi
810 1219 962 1254 omnino
988 1219 1273 1265 hetemgeneis,
1299 1220 1374 1255 filis
1401 1221 1592 1256 distanter

51 1273 111 1308 hic
147 1273 228 1308 illic
264 1274 382 1309 nodos
418 1275 603 1309 stellatim
626 1286 810 1319 ramosos,
836 1276 951 1310 ramis
978 1276 1216 1312 tenuioribus
1243 1278 1372 1313 forsan
1397 1290 1481 1313 cum
1506 1291 1591 1324 pro-

49 1331 162 1365 ximis
201 1333 586 1376 anastomosantibus,
624 1332 890 1368 inarticulatos
929 1334 1117 1369 coloratos
1151 1338 1189 1369 et
1214 1337 1321 1380 quasi
1349 1337 1490 1372 solidos
1516 1337 1589 1371 for-

49 1389 240 1425 mantibus
270 1391 382 1434 (anne
409 1392 500 1425 tubo
520 1391 710 1426 exteriore
731 1391 918 1426 dissoluto
936 1392 1236 1436 persistentibus
1249 1394 1281 1439 12>
1310 1394 1507 1439 Ejusmodi
1526 1407 1590 1429 no-

51 1447 117 1482 dos
143 1447 183 1482 in
209 1448 436 1492 quibusdam
476 1448 675 1494 speciebus
703 1450 750 1484 ad
774 1449 1037 1494 Halymeniam
1064 1451 1197 1486 relatis
1224 1453 1400 1496 equidem
1427 1453 1519 1497 vidi,
1551 1456 1590 1487 at

50 1507 212 1539 stratum
239 1505 418 1540 corticale
445 1505 484 1540 in
511 1507 568 1540 his
598 1509 657 1540 est
682 1506 931 1551 Halymeniae‚
957 1520 1027 1542 nec
1046 1509 1085 1542 in
1103 1508 1167 1542 fila
1185 1510 1363 1555 elongata
1381 1511 1587 1545 evolutum.

49 1562 107 1596 Ex
133 1563 265 1597 eadem
290 1574 402 1597 causa
428 1574 497 1597 nec
525 1566 584 1598 est
609 1564 897 1599 Meristotheca.
944 1566 988 1599 In
1015 1566 1210 1600 Gelinaria
1235 1566 1368 1601 habitu
1394 1567 1589 1602 simillima

49 1622 87 1653 et
124 1623 286 1654 stratum
321 1620 501 1654 corticale
530 1624 568 1655 et
593 1621 756 1656 interius
784 1622 936 1657 omnino
962 1623 1115 1658 diversa
1140 1624 1230 1658 vidi.
1279 1624 1431 1668 Harvey
1463 1625 1501 1659 in
1529 1638 1586 1670 sy-

48 1676 157 1721 nopsi
184 1677 271 1722 Alg.
298 1678 429 1711 Austr.
459 1678 540 1712 sub.
567 1690 627 1712 no.
656 1679 720 1712 595
747 1679 998 1722 quaestionem
1023 1680 1143 1715 movit
1176 1692 1222 1714 an
1257 1693 1323 1715 sua
1353 1682 1411 1716 N?
1441 1682 1588 1727 gelima-

47 1734 188 1769 rioides
215 1746 299 1768 cum
324 1735 486 1779 Halym?
536 1735 715 1769 Muelleri
742 1736 854 1771 Sond.
881 1736 1051 1771 identica
1077 1741 1195 1779 esset;
1234 1739 1304 1773 Est
1330 1750 1419 1773 vero
1447 1739 1587 1774 Sonde-

46 1792 154 1826 riana
178 1793 322 1837 planta,
351 1803 426 1826 sec.
453 1792 601 1827 iconem
627 1804 738 1837 quam
758 1794 866 1828 dedit
883 1794 1065 1841 Kiitzing,
1086 1795 1230 1840 species
1250 1795 1402 1831 omnino
1423 1795 1588 1841 diversa,

47 1849 170 1892 quoad
195 1860 317 1894 genus
342 1849 471 1884 forsan
496 1849 609 1884 hodie
636 1861 742 1894 aeque
768 1852 939 1887 obscura.

309 1955 478 2009 Species
508 1957 784 2008 inquirendce,
817 1957 922 2000 mihi
952 1960 1120 2001 omnino
1151 1960 1326 2013 o'fflzotce:

8 2080 11 2081 γ
45 2048 96 2091 N.
127 2063 348 2091 PROLIFERA
381 2050 519 2092 Ham).
556 2049 625 2091 Fl.
663 2050 769 2092 Now.
802 2050 888 2092 Zel.
914 2065 959 2104 2).
992 2053 1086 2093 255.

45 2129 96 2172 N.
128 2144 267 2171 LivioA
299 2129 436 2172 Harv.
469 2131 515 2172 in
548 2130 673 2184 ἅναξ]
695 2131 759 2183 pl.
791 2131 881 2172 coll.
912 2133 958 2173 iu
990 2132 1144 2185 Japcm
1165 2147 1213 2186 p.
1245 2134 1337 2175 332.

46 2210 187 2251 GYMN.
219 2222 402 2251 GRAciLis
439 2210 567 2252 Ksiite'.
609 2211 691 2253 z‘ab.
735 2210 868 2265 Plcgyc.
912 2211 999 2253 Vol.
1033 2215 1080 2253 17
1116 2213 1199 2254 tab.
1234 2214 1268 2254 1.
1300 2227 1356 2254 an
1388 2214 1582 2268 Liagorae

158 2277 349 2333 species?

45 2419 184 2469 XXIV.
223 2419 691 2471 SCHIMMELMANNIA
732 2430 928 2474 Sehousb.
959 2446 1085 2474 mser.
1117 2432 1163 2475 J.
1195 2433 1277 2485 Ay.
1313 2432 1384 2485 Sp.
1410 2447 1456 2486 p.
1489 2434 1582 2475 208.

160 2499 295 2540 Frons
341 2513 392 2540 ex
430 2500 615 2553 ancipite
661 2500 793 2553 plana
823 2501 1072 2542 tenuissime
1103 2501 1435 2543 membranacea
1465 2502 1582 2555 gela-

158 2568 299 2609 tinosa
345 2567 839 2622 decomposito-pinnata
886 2571 929 2610 et
984 2569 1193 2622 plumosa,
1234 2569 1434 2623 juvenilis
1480 2571 1582 2612 sub-

158 2636 390 2677 articulata
434 2636 537 2678 axili
567 2636 638 2678 filo
669 2637 888 2690 plumulas
920 2638 1197 2680 tenuissimas
1229 2638 1450 2680 emittente
1481 2653 1580 2680 con-

158 2705 324 2756 stituta,
380 2719 479 2747 mox
527 2707 732 2748 continua
784 2707 932 2749 stratis
990 2707 1159 2749 duobus
1215 2711 1435 2750 contexta:
1495 2708 1580 2751 filis

157 2773 435 2814 interioribus
471 2773 708 2816 laxioribus
740 2775 983 2816 articulatis
1015 2779 1056 2815 et
1087 2775 1282 2827 ramosis,
1304 2776 1427 2818 initio
1448 2776 1580 2819 laxis-

158 2841 289 2893 simis,
321 2842 363 2882 in
395 2840 596 2884 inferiore
626 2846 751 2895 parte
785 2843 958 2884 demum
990 2843 1261 2887 densioribus
1292 2843 1469 2887 cellulas
1489 2860 1580 2887 ma-

1404 2913 1445 2946 9*
