1762 3036
149 105 201 144 82
796 102 1022 144 OERAMOEAE
1029 136 1037 143 .
1317 105 1683 157 Thamnocarpus.

262 215 500 258 Glandulas
531 231 557 257 a
589 217 757 270 Harvey
789 221 1061 265 memoratas,
1095 230 1117 257 e
1149 217 1305 269 quibus
1337 216 1532 259 fruticuli
1563 218 1684 259 callir
1738 213 1743 218 ⁴

148 283 428 324 thamnioidei
473 285 760 337 provenirent,
792 299 877 324 non
923 284 1030 331 vidi3
1078 284 1152 325 secl
1197 285 1240 325 in
1273 286 1501 338 specimine
1534 286 1683 335 sterili,

149 366 199 394 ex
215 352 336 394 Nova
356 353 588 394 Hollandia
609 353 877 404 occidentali,
901 353 956 394 ad
979 353 1122 407 apices
1145 367 1365 395 ramorum
1387 355 1584 408 globulos
1607 356 1685 396 mi-

148 425 274 463 nutos
304 422 620 475 proeminentes
652 421 785 472 video,
819 436 926 475 quos
959 422 1205 463 antheridia
1234 423 1475 476 suspicatus
1496 423 1684 465 fuissem.

148 489 319 543 Hal-vey
336 489 580 530 antheridia
595 489 689 531 loco
707 490 1108 544 spliaerosporarum
1126 491 1396 532 obvenientia
1412 492 1685 545 nuncupavit.

260 558 327 599 Ad
358 558 609 611 primariam
630 563 673 600 et
694 559 880 613 typicam
903 560 1087 613 speciem
1109 559 1279 614 Harvey
1302 560 1410 601 alias
1432 560 1541 602 duas
1563 561 1685 602 initio

148 626 317 680 adjecit,
351 640 459 679 quas
490 631 635 667 tamen
666 627 757 680 ipse
795 632 946 681 postea
977 628 1032 669 ad
1064 628 1151 669 alia
1193 642 1352 682 genera
1381 628 1542 670 retulit.
1601 630 1686 670 Au-

149 695 292 747 spiciis
323 695 385 735 ita
415 707 568 747 parum
612 695 854 738 faventibus
900 696 1027 737 hodie
1072 697 1256 738 alteram
1302 697 1485 750 speciem
1531 697 1688 738 Greneri

149 764 441 815 adnumeravi,
474 778 604 817 quam
635 765 731 806 aliae
758 766 1090 807 observationes
1129 769 1279 819 postea
1317 765 1523 807 affinitate
1561 766 1687 820 longe

148 838 358 875 remotam
388 833 536 875 forsan
567 834 873 877 demonstrent.

152 942 188 980 1.
222 939 298 980 TH.
330 939 584 980 GUNNIANUS
615 939 777 993 (Hmszs.
807 940 833 981 l.
855 942 910 995 τ’.)
941 940 1092 981 fronde
1114 940 1370 982 fruticulosa
1392 939 1693 994 cartilagineo-

264 1021 424 1048 cornea
455 1007 581 1048 tereti
612 1021 719 1060 vage
750 1009 1056 1058 ramosissima,
1098 1009 1229 1049 ramis
1268 1009 1564 1062 superioribus
1603 1022 1694 1049 cre-

263 1076 463 1117 berrimis
503 1075 841 1128 sub-fastigiatis
880 1076 1199 1127 obtusiusmxhs,
1238 1077 1282 1118 in
1312 1076 1538 1118 fructifera
1566 1076 1694 1118 fasci-

264 1144 371 1185 culis
404 1144 567 1197 sparsis
599 1143 770 1185 filorum
809 1144 972 1193 obsitis‚
1020 1144 1216 1186 articulis
1260 1144 1433 1186 filorum
1480 1145 1692 1186 diametro

265 1212 397 1266 duplo
442 1212 707 1266 longioribus
744 1213 1115 1267 brevioribusque.
1164 1213 1301 1255 Harv.
1331 1216 1378 1255 ‘in
1410 1213 1547 1255 Hook.
1580 1213 1694 1255 Icow.

264 1282 347 1323 tab.
378 1281 478 1322 662!

320 1350 386 1391 Ad
417 1349 694 1391 Tasmaniam
725 1354 768 1391 et
798 1349 961 1391 Novam
992 1350 1272 1392 Hollandiam
1304 1351 1627 1393 occidentalem.

243 1430 539 1475 Speciminulum
557 1431 819 1475 tasmanicum,
835 1432 933 1474 quod
952 1431 1043 1474 vidi,
1062 1431 1297 1465 Ahnfeltiam
1324 1434 1388 1464 aut
1415 1430 1694 1465 Stenocladiam

153 1488 338 1522 furcatam
362 1488 458 1521 mire
484 1487 621 1522 refert:
655 1488 887 1522 exsiccatum
914 1491 1075 1522 teretem
1113 1488 1271 1522 formam
1312 1499 1554 1523 conservans.
1605 1486 1695 1531 Spe-

152 1545 275 1579 cimen
303 1557 322 1579 e
350 1545 457 1580 Nova
481 1545 686 1579 Hollandia
710 1544 951 1588 occidentali,
979 1556 999 1578 a
1023 1545 1175 1589 Harvey
1213 1545 1476 1589 distributum,
1510 1545 1612 1591 gerit
1637 1556 1694 1577 ra-

153 1599 274 1636 mulos
302 1602 518 1647 superiores
556 1603 677 1647 magis
716 1602 952 1636 acuminat-os
980 1605 1018 1636 et
1044 1602 1380 1647 longitudinaliter
1404 1603 1444 1636 in
1470 1602 1594 1636 medio
1621 1602 1695 1635 col-

154 1660 343 1694 labentes.
405 1659 446 1692 In
485 1658 644 1704 Synopsi
679 1659 832 1703 Pliycol.
866 1659 1045 1693 australis
1083 1659 1235 1703 Harvey
1274 1671 1421 1703 quoque
1459 1658 1611 1693 dubitat
1649 1669 1695 1692 an

155 1717 354 1760 utriusque
381 1716 451 1751 loci
481 1716 688 1761 specimina
714 1716 760 1750 ad
787 1716 945 1750 eandem
973 1716 1139 1760 speciem
1160 1716 1246 1761 jure
1272 1716 1499 1751 referantur.

515 1832 682 1884 specim
712 1832 818 1874 mihi
848 1834 991 1885 quoad
1017 1847 1150 1886 yemis
1182 1834 1332 1876 dubia&

155 1924 191 1964 2.
224 1922 256 1962 T
262 1922 332 1963 ir?
364 1922 648 1964 HARVEYANUs
680 1922 747 1976 (J.
781 1923 861 1976 Ass.
895 1926 1042 1979 mser.)
1073 1923 1226 1965 fronde
1268 1925 1458 1966 filiformi
1495 1925 1696 1979 elongata

267 2006 372 2045 vage
426 2005 599 2033 ramosa
643 1996 719 2033 aut
764 1993 1294 2046 subpinnato-dichotoma
1347 2008 1517 2035 sursum
1569 1994 1695 2048 longo

267 2063 506 2111 attenuata,
537 2059 705 2101 inferne
744 2060 875 2102 dense
915 2061 1124 2102 corticata
1154 2063 1372 2112 continua,
1405 2062 1599 2115 apicibus
1630 2063 1695 2103 in-

267 2128 560 2170 crescentibus
593 2128 672 2170 sub
695 2129 852 2170 cortice
884 2130 1110 2183 conspicue
1133 2130 1385 2181 articulatis,
1419 2130 1697 2184 ramellisque

268 2197 530 2237 tenuissimis
591 2196 991 2249 penicilliformibus
1045 2199 1337 2240 erectiusculis
1397 2199 1452 2240 ad
1497 2200 1697 2253 genicula

268 2266 525 2308 exeuntibus
556 2266 732 2317 obsitis‚.
752 2266 962 2320 penicillis
995 2267 1261 2316 dichotomis,
1295 2268 1488 2310 articulis
1519 2268 1695 2322 penicil-

268 2334 410 2376 lorum
440 2334 652 2375 diametro
684 2334 942 2388 4ploffi6plo
972 2335 1248 2389 longioribus.

422 2402 487 2443 Ad
520 2403 807 2445 Tasmaniam.

246 2481 407 2517 Nomine
433 2482 668 2517 Rhabdoniae‘
695 2483 951 2528 nigrescentis
988 2483 1085 2518 hanc
1122 2484 1223 2519 inter
1258 2485 1376 2529 Algas
1405 2484 1613 2519 exsiccatas
1640 2484 1695 2518 di-

159 2538 314 2573 stribuit
339 2539 503 2583 Harvey,
531 2540 595 2583 qui
634 2540 714 2574 sine
752 2540 866 2575 dubio
905 2540 1030 2585 apices
1067 2541 1308 2585 penicillatos
1348 2540 1561 2586 parasiticis
1599 2541 1695 2585 algis

158 2596 307 2630 tribuit.
356 2595 610 2641 Microscopio
638 2597 809 2640 subjecta
833 2600 1022 2631 monstrat
1046 2597 1247 2642 penicillos
1278 2598 1440 2632 maxime
1465 2597 1696 2642 regulariter

159 2662 178 2684 e
204 2652 359 2686 rachide
385 2652 587 2687 articulata
612 2654 687 2687 late
712 2653 1002 2698 monosiphonia
1027 2657 1065 2688 et
1090 2655 1275 2690 corticata
1299 2655 1581 2700 provenientes.
1617 2654 1695 2688 Nec

160 2712 215 2742 est
244 2709 379 2754 Dasya,
406 2713 576 2745 testante
601 2711 757 2745 rachide
783 2710 1084 2755 monosiphonia,
1111 2723 1192 2755 quae
1211 2712 1290 2746 fere
1312 2712 1523 2747 Ceramium
1540 2712 1695 2745 rubrum

159 2765 289 2799 refert.
324 2766 520 2800 Penicillis
546 2767 628 2801 basi
656 2767 794 2801 sensim
819 2766 1050 2802 firmioribus
1075 2769 1242 2803 ramulus
1267 2769 1452 2804 formatur
1475 2768 1621 2813 pariter
1638 2778 1694 2800 ar-

161 2821 356 2866 ticulatus,
382 2826 419 2856 at
446 2835 531 2857 mox
558 2824 775 2858 corticatus.
826 2823 904 2867 Quo
930 2824 1050 2869 magis
1089 2824 1321 2860 incrassatus
1359 2827 1503 2869 cortex,
1541 2838 1584 2861 eo
1608 2826 1694 2863 bre·
