1757 3114
191 84 271 125 466
779 84 1082 125 DELESSERIEAE.
1405 83 1709 137 Nitophyllum.

301 210 334 237 e.
364 196 641 238 Acrosorium
670 194 1033 249 aylaophylloides
1064 195 1255 238 Zamard.
1295 197 1424 239 Kio‘tz‘.
1466 197 1548 238 tab.
1583 196 1711 250 Phyc.

315 263 402 306 Vol.
438 263 566 305 XIX
592 264 674 305 tab.
709 265 771 305 10.
803 262 932 318 (conf.
965 262 1099 305 Gran.
1135 263 1292 306 Novar.
1315 279 1363 317 1).
1395 264 1513 319 850?

300 331 410 373 Hab.
442 332 486 372 in
516 331 831 373 mediterraneo
862 335 904 372 et
935 330 1139 371 atlantico
1170 331 1390 383 calidiore3
1429 332 1660 385 specimina
1690 345 1712 372 e

451 398 502 441 N.
533 399 769 441 Hollandia
801 403 843 441 et
872 398 923 439 N.
955 398 1161 440 Zelandia
1190 399 1259 441 vix
1290 400 1428 453 specie
1459 400 1627 441 diversa
1653 399 1712 440 vi-

451 466 620 508 dentur.

278 545 368 579 Haec
395 545 540 590 species
565 546 606 579 in
629 545 907 580 mediterraneo
944 545 1136 589 frequens,
1162 546 1226 581 ubi
1251 546 1296 581 N.
1322 546 1528 580 laceratum
1564 546 1713 580 rarissi-

187 613 302 646 mum,
329 602 360 636 si
384 614 460 637 non
496 603 647 637 omnino
684 603 936 637 desideratur.
987 602 1099 637 Sorus
1126 604 1170 638 ab
1197 603 1302 647 apice
1338 603 1484 637 laciniae
1513 603 1713 646 aliquando

188 659 383 704 remotior,
409 671 508 694 nunc
533 659 574 694 in
597 661 720 694 media
745 660 884 694 lacinia
910 660 1159 704 subelongata
1184 660 1297 701 situs3
1324 672 1422 694 nunc
1449 660 1524 695 sori
1549 660 1657 704 pauci
1675 660 1714 694 in

186 717 312 752 media
337 717 486 752 lacinia.
537 717 640 753 Conf.
668 730 749 762 quae
776 718 875 751 infra
900 718 946 751 de
971 718 1017 752 N.
1044 718 1224 752 venuloso
1250 717 1401 752 dicitur.

188 811 253 853 38.
285 811 335 853 N.
366 825 611 853 CILIOLATUM
643 811 804 865 (Ηανυ.
836 812 882 853 in
917 811 1072 853 Trans.
1104 811 1225 853 Irish
1268 810 1403 853 Acad.
1447 811 1532 853 Vol.
1560 811 1721 854 XXII

293 895 341 933 p.
374 882 475 937 549)
507 881 671 922 enervis
701 885 793 921 tota
822 885 949 921 tenue
981 881 1317 930 membranacea,
1349 880 1499 921 fronde
1545 882 1714 922 subses—

300 949 368 990 sili
389 963 496 1003 vage
519 948 1085 1001 dichotomo-decomposita,
1109 949 1338 1002 segmentis
1359 948 1593 990 linearibus
1615 962 1714 989 acu-

301 1019 486 1069 minatis,
518 1018 587 1059 hic
617 1017 706 1058 illic
727 1017 1122 1067 hamato-incurvis,
1147 1030 1172 1057 a
1194 1017 1310 1058 disco
1333 1021 1374 1058 et
1393 1017 1586 1068 margine
1616 1031 1715 1070 pro-

306 1087 509 1129 cessubus
547 1087 724 1128 minutis
769 1085 1066 1127 ciliiformibus
1113 1086 1296 1138 sparsim
1327 1085 1595 1136 echinulatis,
1644 1099 1714 1126 su-

302 1154 475 1208 perficie
505 1159 633 1196 tenue
663 1155 842 1204 venosis,
875 1153 1086 1195 fructibus
1118 1187 1126 1194 .
1160 1187 1167 1194 .
1200 1187 1207 1193 .
1239 1153 1569 1206 Aylaophyllum
1598 1153 1716 1195 cilio-

299 1224 432 1266 Zatum
466 1225 595 1265 Kio'te.
627 1224 709 1265 tab.
747 1223 874 1276 Pleyc.
917 1222 1004 1264 Vol.
1040 1221 1168 1263 XIX
1195 1222 1277 1263 tab.
1310 1223 1331 1262 7
1347 1221 1355 1262 1

368 1292 480 1334 Hab.
512 1292 568 1333 ad
600 1305 699 1333 oras
730 1290 860 1332 Novae
893 1290 1134 1331 Hollandiae
1166 1289 1455 1331 occidentalis.

275 1370 354 1405 Cel.
382 1369 546 1405 Grunow
569 1371 736 1415 (Novara
759 1381 795 1413 p.
822 1369 882 1414 85)
908 1368 1005 1402 hanc
1031 1369 1196 1413 speciem
1221 1380 1303 1403 cum
1327 1367 1456 1403 formis
1476 1369 1521 1403 N.
1541 1368 1713 1403 uncinati

184 1426 341 1461 nimium
366 1427 617 1472 propinquam
653 1425 895 1461 considerare
920 1424 1083 1460 videtur.
1116 1426 1317 1461 Fructibus
1344 1437 1432 1461 vero
1457 1426 1598 1472 ignotis
1617 1425 1713 1461 nihil

186 1484 233 1519 de
259 1484 329 1519 hac
353 1496 394 1519 re
421 1487 590 1519 statuere
615 1484 720 1518 licet.

185 1566 250 1610 39.
281 1566 332 1608 Ν.
365 1580 662 1608 ACROSPERMUM
692 1565 760 1620 (J.
792 1567 873 1619 Ay.
915 1565 985 1618 Sp.
1010 1579 1057 1617 Ζ).
1103 1565 1204 1620 655)
1251 1565 1457 1618 stipitata,
1488 1565 1575 1605 ima
1618 1564 1713 1606 basi

297 1639 427 1676 tenue
459 1648 650 1685 nervosa,
683 1634 1021 1684 membranacea,
1054 1634 1282 1686 segmentis
1304 1633 1590 1675 adultioribus
1612 1647 1710 1675 con-

298 1704 509 1747 similibus
540 1701 975 1745 cuneato-fiabellatis
1007 1702 1309 1755 subpalmatim
1329 1701 1611 1755 pinnatifidis,
1645 1702 1710 1742 la-

298 1773 422 1814 ciniis
455 1772 651 1826 oblongis
682 1771 847 1813 obtusis
878 1770 1102 1824 superficie
1133 1774 1261 1812 tenue
1292 1771 1470 1821 venosis,
1493 1783 1589 1811 soro
1611 1769 1710 1811 sub-

299 1841 490 1883 solitario
522 1841 687 1882 discum
717 1839 925 1893 segmenti
961 1839 1075 1880 infra
1105 1838 1269 1892 apicem
1300 1842 1532 1892 occupante
1560 1841 1710 1879 rotun—

297 1908 399 1950 dato
429 1908 665 1950 instructis.

449 1977 560 2019 Hab.
593 1976 649 2018 ad
681 1974 779 2030 Cap.
815 1976 853 2017 b.
886 1974 997 2029 Spei.

277 2055 368 2091 Obs.
417 2056 504 2101 Agl.
530 2056 758 2089 maculatum
786 2055 896 2090 Sond.
924 2054 1038 2089 Krete.
1066 2054 1137 2088 tab.
1171 2054 1285 2098 Plcyc.
1330 2054 1408 2089 Vol.
1442 2054 1544 2089 XVI
1572 2054 1642 2089 tab.
1669 2055 1714 2089 34

186 2114 309 2158 quoad
333 2113 506 2149 habitum
533 2116 572 2146 et
596 2112 740 2146 fructus
766 2112 820 2146 ita
845 2115 1014 2146 nostram
1039 2110 1158 2145 refert
1182 2114 1224 2145 ut
1249 2114 1353 2145 certe
1379 2111 1536 2145 eandem
1561 2111 1712 2146 habuis-

187 2181 278 2214 sem,
306 2169 339 2203 si
364 2168 621 2214 superficiales
648 2179 762 2202 venas
788 2168 828 2201 in
852 2167 959 2202 icone
997 2167 1187 2202 exhibitas
1226 2167 1419 2202 vidissem.
1468 2168 1511 2201 In
1536 2167 1581 2202 N.
1609 2178 1711 2202 acro-

187 2239 337 2273 spermo
362 2238 468 2262 venae
497 2226 635 2260 adsunt
661 2225 830 2269 ejusdem
854 2228 999 2259 naturae
1026 2236 1067 2258 ac
1092 2225 1132 2258 in
1156 2225 1201 2260 N.
1221 2224 1414 2268 uncinato,
1434 2228 1472 2258 at
1494 2224 1572 2259 fere
1590 2224 1710 2270 magis

186 2295 357 2319 ramosae.
408 2282 580 2326 Grunow,
607 2281 670 2326 qui
696 2293 741 2315 ex
767 2281 897 2315 eodem
922 2281 1025 2315 fonte
1056 2281 1187 2325 (Hei-b.
1225 2281 1469 2327 Binderiano)
1508 2281 1713 2326 specimina

186 2340 334 2384 habuit,
360 2340 401 2374 in
426 2339 484 2373 his
511 2343 644 2373 tenues
670 2349 785 2373 venas
817 2338 1049 2379 observavit3
1076 2338 1143 2372 sed
1175 2349 1278 2372 soros
1304 2350 1372 2383 per
1397 2341 1516 2373 totam
1539 2338 1711 2373 frondem

188 2410 338 2443 sparsos
364 2398 404 2432 in
432 2397 638 2443 specimine
666 2418 705 2421 —
732 2408 752 2430 a
778 2396 1008 2431 Sonderiano
1044 2408 1119 2430 non
1155 2396 1426 2442 distinguendo
1453 2417 1485 2421 —
1511 2397 1620 2431 vidit.
1667 2397 1711 2430 In

188 2456 398 2501 specimine
424 2467 444 2490 a
469 2454 673 2500 Kutzingio
699 2453 848 2498 depicto
873 2453 975 2488 frons
1002 2465 1109 2497 quam
1135 2453 1175 2487 in
1200 2457 1331 2488 nostra
1353 2454 1471 2500 magis
1497 2453 1710 2489 fiabellifor-

188 2514 258 2548 mis
284 2514 451 2557 videtur,
477 2512 690 2547 dichotome
715 2510 805 2545 fissa
828 2509 953 2555 potius
979 2521 1089 2553 quam
1113 2510 1348 2555 pinnatifida.

187 2598 254 2638 40.
285 2595 335 2637 N.
366 2607 615 2636 MONANTHos
646 2592 713 2648 (J.
745 2592 828 2646 Ay.
862 2592 934 2645 Sp.
956 2606 1003 2645 p.
1035 2594 1136 2648 655)
1177 2592 1420 2634 subenervis
1450 2591 1615 2633 inferne
1645 2591 1709 2632 in-

301 2667 508 2713 crassata,
540 2662 694 2703 fronde
726 2659 947 2703 subsessili
990 2660 1448 2713 pinnato-dichotoma‚
1481 2659 1708 2711 segmentis

301 2732 538 2773 linearibus
568 2731 763 2784 margine
794 2729 1090 2783 inaequalibus,
1123 2728 1344 2783 superficie
1366 2727 1554 2770 obsolete
1583 2741 1709 2769 veno-

303 2800 376 2850 sis,
408 2798 708 2840 terminalibus
738 2797 972 2840 fructiferis
1009 2810 1140 2850 supra
1183 2796 1388 2839 isthmum
1418 2795 1709 2849 angustiorem
