1757 3114
126 59 429 114 Nitophyllum.
744 62 1049 103 Dmtmssssfflm.
1570 64 1650 103 459

232 171 407 214 soletius
452 175 630 222 venosis,
678 176 888 229 supremis
935 175 1146 228 elongatis
1203 180 1246 218 et
1291 175 1486 217 dilatatis
1533 190 1651 217 soros

233 240 419 282 minutos
466 241 595 284 dense
641 244 964 297 adproximatos
996 243 1039 283 in
1072 244 1263 285 maculas
1295 244 1503 297 oblongas
1551 244 1651 286 sub-

233 308 493 351 confiuentes
526 311 830 355 evolventibus.

118 400 289 441 variat:
322 401 530 443 Fnomom
560 402 787 445 frondibus
818 404 1115 445 minutissimis
1137 405 1179 444 in
1202 408 1386 446 stratum
1417 419 1650 459 expansum

231 470 482 524 conjunctis,
516 471 767 513 densissime
797 471 1099 525 decompositis
1131 473 1344 526 crispatis,
1374 472 1486 516 lobis
1516 473 1651 527 pluri-

231 538 309 580 mis
341 539 598 590 rotundatis,
632 540 740 582 soris
773 574 780 581 .
814 573 822 580 .
857 574 863 581 .

230 617 339 660 Hab.
371 619 427 659 ad
459 633 557 661 oras
591 619 718 661 Novae
764 619 977 661 Zelandiae
1023 620 1265 675 Berggren!
1313 636 1399 663 var.
1431 622 1476 662 in
1508 621 1651 674 stipite

381 687 485 729 Fuci
519 688 862 743 chondrophylli.

207 767 381 802 Formam
407 768 625 813 primariam
653 774 691 805 et
718 771 943 805 varietatem
971 770 1141 815 ejusdem
1181 771 1321 816 speciei
1358 772 1497 806 formas
1525 771 1651 806 evolu-

116 822 218 857 tione
246 824 415 860 diversas
443 825 551 867 finxi3
579 827 760 862 differunt
784 827 1057 873 magnitudine
1078 830 1116 862 et
1142 829 1186 863 ab
1213 827 1282 862 hac
1308 828 1433 862 forsan
1460 829 1652 873 pendente

116 881 450 926 decompositionis
478 883 687 925 densitate3
716 897 819 919 soros
846 896 936 919 vero
961 896 1019 919 me
1046 885 1084 919 in
1111 896 1189 919 var.
1217 886 1342 919 nullos
1370 884 1512 919 vidisse
1540 885 1653 919 adno—

116 940 196 972 tare
224 939 346 973 dccet.
397 939 610 984 Specimina
635 942 763 976 formae
791 941 980 986 primariae
1009 942 1071 976 vix
1096 942 1273 987 pollicem
1301 945 1482 986 superant
1514 953 1652 986 expan-

117 994 234 1036 sione,
264 995 472 1040 segmentis
500 996 743 1032 inferioribus
771 998 831 1032 vix
858 998 995 1032 lineam
1024 999 1112 1033 latis
1139 999 1256 1032 dense
1276 998 1530 1044 pinnatifidis,
1556 998 1652 1033 lobis

115 1052 395 1087 alternantibus
416 1053 660 1088 conformiter
675 1055 958 1100 decompositiS,
975 1056 1189 1101 junioribus
1210 1056 1505 1101 simplicioribus
1525 1058 1652 1090 rotun-

70 1147 73 1150 ,
116 1108 228 1152 datis,
257 1110 442 1154 supremis
469 1112 705 1157 prolongatis
732 1112 811 1147 fere
838 1113 1059 1148 lanceolatis
1088 1114 1238 1148 demum
1265 1113 1486 1147 fructiferis.
1521 1113 1554 1147 A
1573 1116 1654 1148 tota

114 1165 293 1201 inferiore
320 1168 459 1212 pagina
484 1180 682 1212 processus
710 1169 846 1204 minuti
875 1181 967 1214 vage
995 1170 1240 1215 proveniunt,
1266 1170 1401 1214 quibus
1422 1169 1525 1204 frons
1545 1170 1653 1213 quasi

114 1226 295 1267 punctata
321 1224 498 1269 adparet3
523 1225 713 1269 juveniles
743 1230 831 1261 sunt
856 1227 933 1261 fere
972 1228 1269 1272 hemispliaerici,
1308 1227 1456 1262 cellulis
1494 1226 1652 1261 minutis

114 1279 288 1325 plurimis
314 1281 530 1319 constituti:
559 1283 698 1317 sensim
725 1284 1017 1329 prolongantur,
1044 1285 1149 1330 apice
1174 1285 1335 1320 dilatato
1353 1285 1460 1330 quasi
1481 1284 1651 1329 stipitem

115 1337 326 1371 tenuiorem
364 1338 615 1379 terminante3
656 1340 770 1374 adfixi
796 1341 834 1374 in
860 1342 1071 1386 marginem
1110 1343 1511 1377 submembranaceum
1548 1340 1654 1386 apice

114 1394 268 1428 abeunt.
304 1393 510 1439 Segmenta
537 1397 730 1441 superiora
757 1397 954 1431 fructifera
982 1402 1070 1432 sunt
1095 1399 1340 1434 inferioribus
1359 1399 1479 1433 multo
1498 1398 1654 1442 majora,

116 1462 214 1484 nunc
239 1450 318 1485 fere
346 1452 652 1497 semipollicaria,
680 1457 717 1488 et
743 1454 883 1488 lineam
920 1455 1124 1490 latitudine
1163 1456 1241 1489 fere
1281 1454 1514 1500 superantia,
1552 1454 1655 1488 intra

113 1507 326 1552 marginem
353 1508 523 1542 sterilem
552 1521 656 1544 soros
684 1512 908 1546 rotundatos
947 1515 1011 1546 aut
1047 1513 1244 1557 oblongos,
1283 1524 1351 1557 pro
1388 1510 1653 1556 magnitudine

114 1564 256 1609 plantae
285 1568 343 1598 sat
368 1577 540 1611 magnos,
567 1567 822 1605 continentia:
863 1572 952 1602 sunt
990 1569 1071 1603 11166
1110 1572 1307 1614 segmenta
1333 1569 1372 1602 in
1410 1568 1552 1603 nostris
1591 1569 1653 1603 ob-

115 1621 283 1655 scuriora
308 1624 347 1656 et
373 1622 419 1656 ad
445 1623 634 1658 diversam
671 1625 840 1668 plantam
867 1625 1104 1669 pertinentia
1143 1628 1187 1660 ab
1226 1626 1380 1661 incauto
1405 1626 1514 1660 facilc
1541 1625 1654 1659 habc-

114 1681 257 1713 rentur.
310 1680 458 1715 Fronde
498 1684 718 1716 transverse
757 1686 872 1727 secta,
912 1684 1071 1728 adparet
1109 1687 1308 1730 segmenta
1344 1683 1463 1729 magis
1503 1684 1656 1718 evoluta

115 1746 197 1769 esse
223 1735 260 1769 in
288 1736 412 1771 medio
439 1737 650 1773 incrassata
676 1743 714 1773 et
741 1740 912 1774 seriebus
940 1741 1161 1774 cellularum
1188 1743 1271 1775 3—5
1295 1744 1359 1775 aut
1384 1741 1511 1776 forsan
1537 1740 1654 1785 pluri-

112 1793 180 1827 bus
209 1794 474 1838 suprapositis,
501 1795 755 1830 exterioribus
795 1797 973 1841 utrinque
1011 1797 1148 1831 axilem
1174 1797 1439 1843 magnitudine
1465 1796 1649 1841 aequanti-

115 1850 183 1884 bus
211 1854 249 1884 et
275 1862 294 1884 e
320 1852 476 1896 regione
501 1852 648 1896 positis.
684 1854 716 1886 A
742 1854 881 1899 pagina
906 1854 1008 1889 frons
1036 1856 1204 1890 areolata
1230 1855 1403 1900 adparet,
1442 1854 1548 1889 venis
1586 1854 1654 1888 mi-

115 1918 184 1940 nus
212 1908 453 1944 evidentibus
480 1921 673 1955 percursa,
700 1911 848 1945 cellulis
876 1911 1149 1956 marginalibus
1176 1912 1295 1946 multo
1333 1912 1540 1947 minoribus
1569 1912 1655 1946 sub-

118 1963 390 2008 pluriseriatiS.

119 2070 161 2091 ²¹²*
198 2070 367 2113 Fronde
413 2073 687 2115 creetiuscula
732 2074 878 2115 sessc'h'
909 2077 985 2115 aut
1024 2075 1096 2116 vix
1135 2076 1355 2128 conspicue
1399 2075 1656 2117 caulescente

371 2190 405 2213 4
731 2143 831 2196 fere
862 2145 1027 2185 avem'a.

119 2245 184 2285 24.
217 2244 267 2286 N.
299 2258 629 2288 OARTILAGINEUM
660 2247 820 2301 (Harv.
853 2249 899 2289 ‘in
935 2248 1092 2290 Trans.
1126 2248 1188 2289 Ir.
1213 2248 1350 2290 Acad.
1387 2247 1474 2289 Vol.
1501 2247 1661 2289 XXII

129 2303 132 2305 Α
222 2329 269 2367 1).
302 2315 405 2369 549)
436 2313 588 2357 fronde
620 2317 758 2358 sessili
790 2317 942 2358 avenia
979 2316 1267 2359 crassiuscula
1305 2317 1653 2359 subdichotomo—

231 2382 535 2436 decomposita,
567 2383 734 2426 laciniis
773 2385 1012 2427 linearibus
1058 2385 1368 2439 patentissimis
1414 2384 1654 2426 subdivari-

232 2451 338 2492 catis
370 2451 562 2504 margine
595 2452 994 2507 undulato-crispis,
1027 2452 1329 2494 terminalibus
1352 2452 1650 2500 obtusissimis,

232 2519 342 2560 soris
373 2518 957 2573 elongato-punctiformibus
998 2535 1075 2574 per
1106 2524 1328 2574 segmenta
1359 2519 1502 2560 media
1533 2534 1653 2573 spar-

231 2588 301 2629 sis.
336 2587 471 2629 Harv.
509 2588 638 2642 Phyc.
670 2593 803 2632 austr.
839 2589 939 2644 Syn.
970 2604 1042 2640 ‘mo
1076 2591 1168 2631 400.

383 2655 493 2697 Hab.
527 2656 582 2697 ad
612 2655 717 2698 Nov.
748 2657 1027 2699 Hollandiam
1060 2656 1380 2699 occidentalem.

208 2734 402 2770 Affinitate
429 2735 475 2769 ad
500 2735 544 2770 N.
574 2736 822 2770 Gurdieanuni
851 2740 889 2770 et
915 2737 958 2771 N.
984 2737 1239 2772 Pristoideum
1277 2736 1436 2780 accedit,
1470 2741 1509 2772 at
1532 2739 1652 2784 magis

120 2790 332 2827 dichotoma
367 2794 406 2828 et
443 2792 539 2827 soris
577 2791 742 2836 diversa;
781 2794 855 2829 sori
882 2793 1021 2828 inillis
1062 2793 1258 2840 speciebus
1297 2795 1403 2831 lobos
1442 2795 1652 2833 exteriores
