1757 3114
134 103 215 145 386
680 158 682 160 .
757 103 1050 151 SQUAMARIEAE.
1345 102 1665 159 Peyssonnelia.

134 227 240 251 seum
263 215 494 252 foventibus.
528 215 777 251 Nemathecia
801 228 915 262 supra
939 216 1119 262 paginam
1135 216 1249 251 latius
1268 228 1449 262 expansa,
1468 217 1672 262 depresso-

133 275 261 320 plana,
286 274 389 308 inter
414 273 477 307 fila
502 274 727 309 tenuissima
750 273 1121 318 clavato-filiformia,
1140 274 1311 309 articulis
1330 274 1572 309 inferioribus
1591 275 1668 309 dia-

132 335 257 367 metro
293 331 664 376 duplo-longioribus
689 333 891 376 instructa,
929 331 1213 377 sphaerosporas
1249 343 1405 378 magnas
1442 331 1667 378 pyriformes

135 389 334 425 cruciatim
360 388 503 423 divisas
529 388 708 424 foventia.
760 388 981 423 Substantia
1005 387 1084 423 fere
1111 399 1269 424 carnosa
1286 392 1325 424 et
1341 389 1444 424 frons
1462 389 1517 423 ita
1542 400 1669 423 crassa

133 449 177 482 ut
213 459 235 482 a
269 446 410 492 pagina
445 447 647 481 observata
683 447 840 481 cellulas
884 445 997 480 strati
1042 445 1305 481 decumbentis
1349 448 1411 481 vix
1448 447 1667 492 perspicuas

133 507 336 540 monstrat.

221 559 361 595 Utrum
385 561 519 594 nostra
543 560 688 605 species
715 571 799 594 cum
824 558 1094 604 Kiitzingiana‚
1120 570 1229 603 quam
1256 559 1480 595 varietatem
1498 560 1539 595 P.
1560 572 1670 605 sque:

133 618 262 668 mariae
284 618 486 664 judicavit,
510 618 680 653 identica
705 617 756 652 sit
774 629 821 651 an
839 617 1003 661 diversa,
1029 617 1177 662 ignoro.
1211 617 1473 663 Harveyanam
1493 618 1534 652 P.
1553 619 1668 654 Novae

133 675 348 712 Hollandiae
366 687 451 711 cum
476 675 517 710 P.
543 674 734 710 multifida
750 674 831 719 ipse
850 674 1095 718 comparavit.
1130 673 1262 709 Obiter
1288 674 1470 720 inspectae
1496 675 1555 710 hae
1582 687 1667 720 spe-

135 733 212 768 cies
245 743 393 778 quoque
418 731 601 778 proximae
628 729 872 777 viderentur'3
900 733 1094 764 structura
1118 730 1317 774 utriusque
1343 732 1497 776 cognita
1521 730 1668 766 facilius

135 790 297 825 diversae
335 789 556 834 adpareant.
604 788 646 823 P.
672 788 788 823 Novae
821 787 1035 822 Hollandiae
1061 787 1310 822 nematheciis
1349 799 1463 833 supra
1497 788 1670 823 frondem

133 848 213 882 late
239 847 419 893 expansis
445 846 569 892 planis
598 847 644 881 ab
669 845 754 879 aliis
783 844 994 890 speciebus,
1028 856 1184 889 quarum
1211 844 1357 879 fructus
1384 844 1497 880 hodie
1523 845 1673 890 cogniti

135 907 239 949 sunt,
264 904 446 940 recedere
472 903 638 939 videtur.

136 1000 173 1040 5.
205 998 251 1040 Ρ.
282 1012 416 1040 RUBRA
446 996 595 1052 (Grec.
634 997 681 1038 m
714 996 844 1038 Lirm.
891 995 1048 1037 Trans.
1093 994 1197 1037 XV.
1228 996 1252 1036 2
1280 1009 1323 1048 p.
1356 995 1453 1049 340)
1492 995 1670 1037 dilutius

247 1067 384 1110 rubra
403 1066 747 1115 membranacea,
766 1068 859 1106 tota
875 1065 1035 1118 pagina
1050 1063 1251 1106 inferiore
1274 1064 1328 1106 ad
1346 1065 1584 1118 marginem
1598 1079 1670 1106 us-

248 1148 333 1190 que
353 1137 547 1177 tomento
569 1134 691 1176 brevi
713 1133 1037 1175 subincrustato
1059 1132 1283 1175 instructa.
1306 1133 1455 1174 lobata
1476 1133 1672 1187 lobisque

248 1201 703 1245 cuneato-rotundatis
734 1201 894 1243 sensim
931 1200 1174 1252 imbricata,
1213 1201 1339 1242 strati
1376 1200 1671 1243 decumbentis

249 1270 702 1313 submonostromatici
733 1269 899 1312 cellulis
930 1282 957 1310 a
986 1269 1148 1323 pagina
1193 1269 1430 1311 observatis
1461 1270 1506 1311 in
1535 1270 1672 1311 lineas

249 1340 468 1382 evidentes
500 1339 738 1393 conjunctis
770 1338 982 1380 diametro
1014 1336 1397 1391 sub-longioribus,
1430 1336 1513 1379 filis
1544 1338 1672 1379 strati

250 1410 554 1452 adscendentis
585 1407 993 1463 pauci-articulatis,
1032 1406 1228 1448 articulis
1266 1406 1423 1448 infimis
1462 1406 1673 1448 diametro

250 1478 615 1533 sublongioribuS,
648 1476 859 1531 supremis
890 1476 1173 1528 brevioribus.
1205 1475 1250 1518 J.
1284 1474 1364 1529 Ay.
1401 1475 1475 1529 Sp:
1496 1489 1544 1528 p.
1577 1476 1673 1517 502.

251 1547 447 1589 Zonaria
476 1546 610 1589 rubra
640 1544 766 1588 Grev.

252 1616 363 1658 Hab.
395 1616 440 1657 in
471 1615 583 1657 mari
614 1614 838 1664 adriatico,
870 1612 926 1654 ad
959 1626 1058 1655 oras
1089 1611 1317 1654 Dalmatiae
1348 1616 1391 1654 et
1421 1612 1569 1654 Italiae.

229 1695 304 1732 Sub
330 1695 483 1731 nomine
508 1694 550 1729 P.
578 1695 704 1730 rubrae
730 1694 876 1739 species
903 1693 1103 1728 admodum
1129 1693 1292 1728 diversae
1324 1693 1585 1737 venditantur,
1610 1693 1673 1727 ha-

137 1753 222 1789 bitu
259 1755 420 1788 externo
456 1752 536 1786 fere
572 1751 858 1795 convenientes,
898 1754 1090 1786 structura
1125 1751 1210 1796 plus
1247 1750 1371 1785 minus
1409 1750 1584 1785 diversae.
1633 1751 1676 1785 In

137 1810 272 1856 planta
296 1810 512 1853 dalmatica,
539 1820 651 1854 quam
676 1809 894 1854 primariam
921 1808 1087 1853 speciem
1120 1808 1398 1843 Grevilleanam
1422 1808 1529 1852 finxi,
1557 1811 1675 1843 struc-

138 1871 226 1902 tura
249 1879 335 1902 cum
359 1867 400 1901 P.
429 1866 643 1911 squamaria
667 1865 839 1911 proxime
857 1865 1046 1900 convenit.
1081 1865 1202 1900 Frons
1221 1865 1398 1899 nimirum
1417 1865 1560 1900 duobus
1581 1868 1676 1900 stra-

138 1925 190 1960 tis
216 1924 484 1965 constituitur3
510 1924 737 1959 decumbente
768 1922 1175 1959 submonostromatico
1212 1921 1360 1957 cellulis
1397 1922 1572 1967 oblongis
1598 1922 1676 1957 dia-

138 1984 264 2016 metro
288 1981 402 2026 paulo
428 1980 668 2026 longioribus
693 1983 890 2021 contexto3
917 1991 938 2013 a
961 1979 1103 2025 pagina
1137 1978 1283 2013 frondis
1320 1978 1453 2023 planta
1476 1979 1677 2014 observata

139 2038 208 2073 has
233 2038 391 2073 cellulas
417 2037 457 2071 in
482 2036 547 2071 fila
572 2037 751 2082 elongata
775 2034 1134 2070 radiato—flabellata
1159 2034 1364 2080 dispositas
1391 2035 1676 2070 evidentissime

139 2098 352 2136 monstrat3
378 2095 617 2129 adscendente
640 2093 715 2128 filis
742 2094 894 2137 oblique
921 2095 959 2127 et
985 2092 1166 2126 arcuatim
1194 2092 1484 2128 excurrentibus
1503 2092 1675 2127 articulis

140 2152 266 2196 6—10,
291 2151 433 2185 infimis
460 2150 646 2185 diametro
673 2149 996 2195 sublongioribus‚
1023 2148 1208 2193 supremis
1245 2148 1497 2194 brevioribus,
1535 2148 1674 2184 consti-

141 2208 251 2243 tutis.
301 2207 392 2252 Quae
418 2207 571 2243 nomine
596 2207 638 2241 P.
665 2207 791 2242 rubrae
817 2218 837 2241 e
862 2205 1047 2250 Friendly
1064 2205 1213 2240 Islands
1233 2218 1253 2240 a
1271 2206 1446 2251 Harveyo
1472 2206 1678 2241 distributa

141 2264 227 2309 fuit,
254 2267 449 2299 structura
473 2275 557 2299 cum
581 2263 793 2298 Dalmatica
818 2262 898 2297 fere
923 2262 1116 2306 convenit,
1140 2266 1179 2297 at
1196 2262 1260 2297 fila
1277 2263 1388 2298 strati
1408 2263 1676 2298 adscendentis

143 2324 235 2357 sunt
258 2321 458 2356 admodum
483 2332 626 2364 crassa,
652 2319 822 2354 articulis
849 2320 937 2353 5-—6
954 2319 993 2353 in
1011 2319 1152 2354 nostris
1170 2320 1380 2355 constituta
1405 2321 1677 2366 subrectangu-

142 2379 191 2414 lis
218 2378 404 2414 diametro
431 2377 811 2423 sesquilongioribus.
861 2376 951 2421 Quae
978 2388 1067 2411 vero
1094 2388 1112 2410 e
1139 2377 1245 2412 Nova
1281 2377 1484 2413 Hollandia
1519 2379 1587 2413 sub
1613 2390 1677 2412 no-

143 2436 246 2470 mine
271 2435 313 2470 P.
340 2436 466 2471 rubrae
492 2434 715 2470 venditatur
753 2436 946 2468 structura
981 2434 1100 2468 multo
1136 2434 1256 2479 magis
1284 2434 1412 2469 differt
1438 2438 1476 2469 et
1501 2435 1572 2470 hoc
1596 2435 1678 2469 loco

142 2493 184 2527 in
209 2493 284 2527 alia
308 2492 470 2527 Generis
497 2491 666 2527 sectione
693 2491 763 2526 sub
787 2491 939 2525 nornine
965 2490 1005 2524 P.
1033 2490 1242 2526 Gunnianae
1261 2492 1503 2527 describitur.
1552 2492 1677 2537 Speci-

143 2550 247 2584 mina
271 2561 293 2584 a
318 2549 485 2594 Ceylona
509 2551 717 2583 memorata
740 2547 846 2581 nulla
871 2547 962 2581 vidi.
1011 2547 1182 2592 Speciem
1209 2560 1228 2582 e
1247 2548 1471 2594 Tongatabu
1491 2548 1678 2592 (Grunow

147 2607 305 2642 Fidsclai
327 2607 414 2651 Azy.
435 2617 476 2651 p.
504 2606 563 2650 18)
589 2616 659 2640 nec
682 2603 777 2638 mihi
813 2603 1004 2649 cognitam
1040 2604 1174 2641 habeo,
1224 2604 1386 2641 Grunow
1411 2605 1569 2640 eandem
1594 2616 1678 2640 cum

146 2664 371 2709 Harveyana
396 2663 480 2707 (”ex
505 2662 637 2707 Tonga
661 2661 774 2706 Ins.”)
800 2660 1007 2696 identicam
1033 2660 1144 2696 dixit.

149 2756 186 2796 6.
217 2754 265 2796 Ρ.
298 2767 533 2801 SQUAMARIA
569 2752 690 2808 (ΘΜ.
729 2752 846 2794 Ητῗεέ.
880 2751 984 2794 Fue.
1007 2766 1055 2805 p.
1097 2754 1192 2807 171)
1238 2752 1418 2794 obscure
1463 2756 1677 2805 castanea,

261 2823 457 2865 coriacea
499 2823 660 2877 pagina
703 2820 906 2863 inferiore
950 2824 1140 2863 tomento
1185 2821 1305 2864 brevi
1347 2821 1573 2874 aequaliter
1603 2821 1678 2865 ob-
