1762 3036
83 148 386 204 Schizymema.
644 143 1043 188 CRYPToNnonmAE.
1534 139 1613 181 123

82 264 289 310 ellipticam
314 272 398 296 cum
423 259 514 295 Irid.
541 259 691 304 Dubyi?
720 260 758 293 et
784 269 868 293 cum
893 257 942 291 Ir.
969 256 1195 303 Montagnei
1220 258 1264 291 ut
1286 254 1476 291 identicas
1503 254 1617 289 adno-

82 325 183 357 tasse
229 320 287 355 Ex
324 319 394 352 hac
432 317 671 362 expositione
704 316 796 352 satis
824 315 950 349 elucet
975 314 1224 361 Kiitzingium
1250 313 1398 359 species
1425 315 1620 347 structura

81 379 248 415 diversas
274 376 321 410 ad
345 375 447 409 idem
473 374 621 416 Genus3
649 373 795 419 species
821 383 911 407 vero
939 374 1132 406 structura
1158 372 1429 417 congruentes,
1447 370 1562 404 immo
1581 373 1620 404 et

81 436 159 482 ejus
191 433 332 480 judicio
369 432 555 467 identicas
583 433 629 467 ad
666 432 819 466 diversa
854 441 998 476 genera
1022 430 1216 465 retulisse.
1265 429 1361 465 Mihi
1388 432 1528 472 autem,
1554 429 1619 472 qui

76 495 152 540 jam
177 495 264 527 ante
290 491 428 526 multos
456 501 574 526 annos
601 493 816 525 structurae
844 491 883 523 et
907 488 1051 523 fructus
1078 487 1316 523 differentias
1340 486 1387 521 ¹in
1407 487 1619 531 Schizyme-

79 553 153 595 nia,
189 549 439 595 Kallymenia,
475 549 614 584 Iridaea
638 551 676 583 et
703 546 973 593 Cryptonemia
998 546 1168 591 exposui,
1195 546 1308 581 hodie
1334 544 1428 580 vitio
1454 543 1620 579 vertitur

79 609 177 654 quod
201 619 322 643 meam
349 607 512 653 speciem
537 607 663 642 obiter
688 604 960 650 descripserim
986 606 1025 638 et
1050 604 1096 638 de
1124 606 1318 639 structura
1342 602 1441 637 nihil
1466 601 1619 638 omnino

78 666 257 702 dixerim!

164 723 224 757 Ad
248 722 344 757 hanc
371 721 604 767 synonymiae
631 719 935 763 extricationem,
961 729 1073 762 quam
1098 718 1207 753 dedit
1231 718 1412 764 Kiitzing‚
1439 717 1529 752 dein
1547 717 1618 751 cel.

76 779 337 825 Langenheim
361 779 444 824 ipse
469 778 619 813 addidit
644 780 813 813 nostram
840 776 926 811 Sch.
951 776 1136 810 minorem
1163 786 1247 811 cum
1274 775 1472 820 speciebus
1491 775 1619 809 allatis

76 836 248 873 omnibus
285 835 554 881 Kutzingianis
586 845 669 869 esse
699 833 921 877 identicam,
947 832 1209 878 praetermissa
1233 832 1463 867 diversitate
1496 834 1619 866 struc-

75 897 185 938 turae,
211 905 322 938 quam
347 893 514 938 Kiitzing
538 892 578 926 in
605 903 672 926 sua
696 891 775 926 Irid
798 890 944 926 minore
971 889 1209 925 exhibuerat.
1250 889 1419 935 Kiitzing
1438 888 1616 924 nimirum

76 954 308 987 structuram
333 951 423 985 Irid.
450 949 607 985 minoris
634 960 718 983 cum
744 949 841 983 Euh.
861 948 985 983 divisa
1001 958 1213 993 congruere
1233 946 1342 982 dixit.
1381 946 1621 991 Euhymenia

76 1009 198 1044 divisa
234 1020 338 1053 vero⁷
372 1008 447 1043 nisi
482 1007 640 1042 nimium
666 1007 792 1050 fallor,
818 1008 878 1040 est
903 1005 1050 1051 speeies
1077 1004 1348 1049 Kallymeniae;
1375 1007 1509 1039 nostra
1535 1004 1618 1039 Sch.

76 1066 200 1101 minor
237 1066 354 1100 habet
393 1068 626 1100 structuram
662 1063 809 1099 frondis
848 1068 886 1098 et
918 1063 1062 1097 fructus
1090 1061 1376 1106 Schizymeniae.
1427 1061 1620 1105 Quomodo

74 1135 165 1159 vero
190 1122 431 1168 Kallymenia
456 1134 476 1156 a
502 1121 765 1166 Schizymenia
790 1120 954 1164 differet,
982 1119 1073 1154 satis
1101 1119 1214 1155 hodie
1240 1121 1417 1154 constare
1436 1118 1619 1154 credidis-

75 1192 165 1215 sem.
215 1179 451 1224 Comparatis
488 1178 676 1222 iconibus,
714 1189 824 1222 quam
861 1180 949 1222 post
986 1176 1108 1212 editas
1135 1175 1288 1221 Species
1315 1174 1464 1210 Genera
1489 1178 1528 1211 et
1553 1175 1620 1210 Or·

75 1238 183 1272 dines
209 1237 393 1282 Algarum
418 1235 563 1281 publici
585 1235 682 1281 juris
708 1235 799 1269 fecit
823 1233 1006 1279 Kiitzing,
1033 1232 1295 1279 synonymiam
1320 1232 1548 1278 specierum,
1573 1232 1620 1267 de

73 1295 210 1340 quibus
237 1294 378 1340 agitur,
404 1293 474 1328 hoc
499 1293 610 1328 modo
637 1292 901 1338 exponendam
925 1291 1074 1337 putavi:

74 1353 337 1398 Schizymenia
361 1352 484 1386 minor
509 1352 537 1385 I.
563 1352 634 1397 Ag.

361 1409 485 1454 Dubyi
510 1409 538 1443 I.
565 1409 637 1454 Ag.
770 1425 810 1437 -—-—
837 1406 1075 1453 Euhymenia
1092 1406 1217 1452 Dubyi
1235 1406 1346 1442 Kiitz.
1366 1423 1406 1435 =
1419 1404 1499 1440 Irid
1513 1405 1620 1440 Mon-

1460 1463 1619 1509 tagnei?

196 1553 220 1570 „
361 1525 526 1560 Cordata
549 1525 577 1559 Ι.
603 1524 675 1570 Ag.
771 1541 810 1552 =
837 1524 853 1558 Ρ
880 1523 1020 1558 Iridaea
1045 1522 1218 1568 elliptica
1242 1522 1353 1557 Kiitz.

75 1583 315 1629 Kallymenia
338 1582 591 1627 microphylla
614 1582 642 1616 Ι.
670 1581 741 1627 Ag.
769 1598 808 1609 =
834 1580 972 1616 Iridaea
996 1580 1120 1616 minor
1144 1579 1326 1625 Ku‘tzing.

338 1640 555 1675 reniformis
581 1639 608 1673 Ι.
635 1639 706 1684 Ag.
776 1655 815 1666 =
840 1637 1078 1682 Euhymenia
1103 1637 1227 1672 divisa
1251 1637 1362 1672 Kiitz.

168 1708 430 1755 Schizymenia
464 1708 589 1743 minor
626 1711 665 1743 et
702 1707 787 1742 Sch.
826 1707 950 1752 Dubyi
988 1709 1078 1741 sunt
1109 1706 1255 1751 species
1288 1708 1393 1740 certe
1419 1705 1621 1740 admodum
1656 1737 1659 1740 .

75 1768 313 1813 propinquae,
351 1770 390 1801 at
426 1777 484 1800 me
518 1765 646 1810 judice
684 1764 860 1799 diversae.
900 1764 984 1798 Sch.
1023 1763 1147 1798 minor
1188 1765 1260 1806 est,
1299 1774 1373 1797 sec.
1412 1762 1623 1807 specimina

78 1838 160 1870 quae
198 1825 291 1869 vidi,
329 1825 462 1870 planta
491 1823 615 1858 minor
641 1825 680 1857 at
704 1822 825 1867 magis
853 1832 982 1856 crassa
1007 1824 1046 1855 et
1071 1820 1328 1855 exsiccatione
1355 1819 1621 1865 subcartilagi-

76 1895 165 1926 nea3
192 1883 312 1918 forma
336 1881 482 1917 frondis
508 1880 633 1915 minus
661 1878 804 1915 ambitu
830 1878 1004 1917 definita:
1032 1877 1096 1912 fila
1120 1878 1306 1913 interiora
1338 1876 1513 1912 tenuiora
1543 1876 1622 1911 vidi

75 1952 186 1985 quam
210 1940 251 1974 in
277 1939 361 1974 Sch.
388 1938 526 1982 Dubyi,
553 1940 591 1972 at
617 1937 737 1972 multo
762 1934 1025 1971 numerosiora
1051 1937 1090 1969 et
1114 1934 1235 1981 magis
1266 1934 1401 1969 farcta.
1450 1933 1622 1968 Eandem

77 2001 281 2033 structurae
317 1995 572 2031 differentiam
598 1994 696 2029 vidit
730 1993 947 2028 Zanardini.
999 1993 1152 2038 Species
1178 1993 1299 2038 igitur
1325 1992 1497 2027 diversas
1525 2002 1622 2035 esse,

7 2077 10 2079 Δ
75 2055 168 2091 licet
193 2055 434 2089 characteres
461 2063 564 2099 aegre
592 2052 860 2094 exhibeantur,
885 2050 979 2084 mihi
1005 2049 1068 2084 vix
1095 2049 1250 2085 dubium
1276 2048 1441 2085 videtur.

76 2161 113 2203 8.
145 2159 241 2202 Son.
272 2159 409 2200 Dum
440 2157 623 2212 (Chauv.
653 2157 800 2212 mser.)
832 2155 978 2209 stipite
1010 2154 1262 2197 brevissimo
1302 2166 1546 2207 compresso
1577 2151 1622 2193 in

190 2227 388 2269 frondem
419 2229 645 2268 obovatam
682 2225 879 2279 margine
916 2223 1175 2266 undulatam
1206 2222 1621 2277 gelatinoso-carno-

152 2336 154 2339 ,
190 2310 283 2338 sam
312 2295 759 2348 vinoso-purpuream,
783 2293 969 2347 denique
991 2292 1292 2347 irregulariter
1312 2291 1471 2342 fissam,
1495 2304 1621 2331 cune-

190 2364 295 2405 atim
326 2377 526 2417 expanso,
560 2362 837 2417 cystocarpiis
869 2361 1231 2416 punctiformibus
1264 2359 1456 2402 maculas
1488 2358 1621 2399 infor-

189 2447 278 2474 mes
310 2445 387 2485 per
417 2435 586 2485 partem
618 2431 882 2484 superiorem
915 2429 1238 2484 occupantibus.
1280 2428 1326 2471 J
1360 2428 1442 2481 Ay.
1480 2427 1551 2480 Sp.
1573 2440 1620 2479 p.

191 2502 282 2541 171.
317 2499 492 2552 Halym.
525 2498 676 2552 Dubyi
708 2496 868 2541 Chauv.
903 2498 1099 2552 Kallym.
1133 2496 1283 2551 Dusz'
1314 2497 1451 2538 Harv.
1487 2494 1623 2548 Phyc

192 2567 534 2609 Brittab.1)3
564 2566 691 2621 (excl.
724 2568 835 2622 syn.)
867 2567 978 2609 Euh.
1020 2565 1170 2619 Dubffl‘
1210 2566 1338 2607 Karta.
1370 2564 1453 2606 tab.
1491 2562 1621 2617 Phyle.

202 2636 290 2679 Vol.
325 2638 388 2677 17.
419 2636 501 2678 tab.
534 2637 598 2678 80.
659 2635 833 2678 Chartae
865 2636 954 2678 fere
986 2649 1154 2688 semper
1184 2634 1390 2676 adhae1et.

343 2704 391 2745 In
423 2704 630 2746 atlantico
662 2718 688 2745 a
718 2704 948 2746 Britannia
979 2704 1034 2745 ad
1066 2703 1347 2746 Lusitaniam.

79 2811 116 2851 9.
148 2808 244 2851 Son.
276 2820 463 2848 OBOVATA
493 2806 556 2858 (J.
589 2807 670 2860 Ay.
708 2808 778 2861 Sp.
803 2823 851 2861 p.
886 2809 986 2863 175)
1008 2807 1162 2849 fronde
1183 2807 1622 2862 coccineo-purpurea

192 2876 740 2927 membranaceo-carnosa,
776 2891 802 2917 a
839 2877 983 2930 stipite
1019 2876 1148 2930 plano
1187 2875 1407 2918 cuneatim
1438 2876 1623 2919 dilatata
