1762 3036
147 146 226 192 126
713 146 1108 189 CRYPTONEMIAOEAE.
1394 143 1684 190 Nemastoma.

146 266 285 305 stoma
315 266 357 304 et
388 266 609 304 structura
638 260 804 304 frondis
836 265 879 302 et
897 260 1169 302 formationis
1190 260 1316 302 modo
1337 260 1500 311 nuclei3
1523 260 1684 313 species

145 331 426 374 Australasiae
471 331 617 385 plures
663 331 719 372 ad
753 330 1077 372 Nemastomam
1108 328 1270 370 relatas
1307 329 1387 371 hoc
1417 328 1510 370 loco
1542 328 1685 370 exclu-

145 400 308 442 dendas
338 400 498 454 putavi,
530 402 681 453 utpote
713 402 756 441 et
786 402 1007 441 structura
1037 401 1079 439 et
1109 396 1254 439 fructu
1282 411 1378 440 cum
1401 396 1686 451 Grateloupia

145 469 286 522 potius
318 471 617 523 congruentes.

257 549 421 590 Praeter
466 549 641 602 species
673 549 841 602 generis
887 547 1053 602 typicas
1099 547 1180 588 hoc
1223 546 1316 597 loco
1355 546 1600 597 nonnullas,
1642 547 1686 587 in

144 618 322 671 propria
366 617 567 668 sectione,
600 616 860 666 enumeravi,
906 629 1001 670 quae
1038 619 1153 657 certe
1184 629 1273 656 nun
1304 615 1594 668 congenericae
1625 615 1685 656 vi-

144 686 314 737 dentur,
347 686 423 728 sed
453 686 600 728 fructu
628 686 775 740 ignoto
807 684 1016 726 affinitate
1038 683 1143 725 mihi
1166 683 1310 726 dubiae
1333 687 1375 725 et
1395 683 1508 725 inter
1525 696 1686 738 genera

145 755 318 809 cognita
348 755 419 797 vix
449 754 602 797 melius
634 753 911 808 disponendae
943 752 1197 807 adpareant.

145 881 177 923 I.
210 882 510 925 GYMNOPHLAEA
519 881 618 936 filis
639 882 769 924 strati
788 880 1003 923 corticalis
1024 880 1202 922 invicem
1223 879 1450 921 subliberis
1473 882 1546 920 aut
1567 892 1685 920 muco

248 951 349 1005 fere
378 951 515 993 soluto
547 954 712 992 tantum
742 950 950 1000 cohibitis,
981 951 1045 1001 (in
1066 949 1229 1003 fronde
1257 952 1370 990 secta
1393 947 1583 1002 facilius
1604 948 1684 1001 ju-

257 1020 497 1062 sciculatim
526 1019 867 1073 subdiveryenter
896 1018 1208 1074 radiantibus.)

227 1124 247 1145 ’³
283 1124 399 1166 Filis
429 1125 559 1166 strati
587 1123 830 1166 intermedii
860 1138 889 1165 a
918 1123 1189 1166 corticalibus
1218 1123 1362 1180 minus
1391 1122 1612 1175 conspicue

802 1191 1029 1233 distinctis.

146 1285 181 1323 1.
213 1281 263 1324 N.
294 1281 612 1323 DUMONTIOIDES
643 1281 707 1334 (J.
739 1282 821 1336 Ay.
856 1260 928 1335 :5⁷1⁹-
950 1295 998 1335 p.
1033 1283 1133 1337 164)
1178 1281 1329 1323 fronde
1361 1294 1538 1323 succosa
1569 1280 1686 1335 gela-

254 1351 763 1402 &noso-membranacea,
813 1364 865 1392 ex
895 1350 1024 1392 tereti
1054 1363 1312 1403 compressa,
1344 1349 1685 1392 dichotomo-de-

256 1419 496 1473 composita
525 1418 760 1471 fastigiata,
794 1418 1025 1472 segmentis
1055 1418 1364 1471 erectiusculis‚
1384 1418 1688 1461 terminalibus

258 1487 424 1530 obtusis
455 1486 906 1542 emarginato-bifidis.

409 1568 459 1610 In
490 1568 601 1609 mari
632 1567 951 1609 mediterraneo
982 1566 1037 1608 ad
1068 1565 1319 1608 Massiliam.

235 1647 327 1682 Cum
352 1646 590 1692 Halymeniis
617 1646 679 1690 (H.
705 1646 904 1692 fastigiata
930 1648 968 1680 et
993 1646 1039 1680 H.
1065 1645 1234 1691 trigona)
1254 1645 1336 1680 haee
1354 1645 1470 1681 habet
1488 1623 1686 1680 externam

144 1705 332 1749 quandam
359 1704 665 1749 similitudinem,
691 1707 731 1739 at
756 1707 991 1739 structuram
1017 1703 1170 1739 omnino
1197 1704 1398 1740 diversam.

144 1823 181 1863 2.
213 1821 264 1863 N.
296 1836 537 1864 DIOHOTOMA
567 1823 631 1876 (J.
667 1823 749 1878 Ay.
793 1823 892 1877 Azy.
931 1824 1036 1866 nied.
1058 1838 1107 1877 p.
1139 1824 1213 1879 91)
1243 1823 1396 1866 fronde
1427 1824 1685 1878 gelatinoso-

257 1904 449 1942 carnosa,
483 1905 533 1933 ex
565 1893 693 1934 tereti
721 1906 979 1946 compressa,
1003 1893 1563 1947 dichotomo-decomposita
1585 1895 1685 1937 sub-

258 1959 494 2014 fastigiata,
527 1962 759 2014 segmentis
790 1962 1037 2015 patentibus
1069 1966 1251 2016 anguste
1272 1962 1509 2005 linearibus
1531 1977 1685 2004 cunea-

259 2029 380 2081 tisve,
413 2029 717 2072 terminalibus
748 2030 1024 2084 (plerumque
1056 2030 1287 2085 elongatis)
1318 2031 1494 2072 obtusis.
1524 2031 1569 2073 J.
1602 2032 1684 2084 Ay.

261 2098 333 2151 Sp.
356 2112 405 2151 p.
440 2098 532 2139 164.
565 2097 872 2152 Gymnophloea
904 2098 1136 2141 dichotonia
1172 2099 1302 2140 Koite.
1325 2099 1408 2140 tab.
1436 2099 1564 2152 Phyc.
1596 2099 1686 2155 Voti

258 2168 322 2208 16.
354 2166 437 2208 tab.
470 2166 536 2218 58,
561 2165 617 2209 G.
646 2165 972 2209 Biasolettiana
997 2168 1126 2209 Kz'ite'.
1148 2168 1234 2209 ihm
1255 2167 1418 2218 tab.59;
1441 2167 1495 2209 G.
1516 2169 1684 2210 incras-

256 2237 358 2276 sata
392 2234 512 2275 Kritz
555 2234 667 2285 ibin,-
700 2234 1026 2278 G.⁰caulescens
1072 2236 1201 2278 Kiite.
1231 2236 1318 2277 ihm
1356 2236 1437 2277 tab.
1476 2237 1541 2277 61.
1572 2237 1683 2290 ejus-

257 2301 355 2342 dem
388 2302 545 2356 speciei
575 2301 739 2344 formas
770 2304 977 2358 suspicor.

409 2381 460 2423 In
490 2382 601 2424 mari
630 2382 949 2425 mediterraneo
980 2387 1023 2425 et
1052 2383 1274 2426 adriatico.

194 2510 237 2532 *³¹⁴
275 2510 389 2552 Filis
420 2511 550 2552 strati
578 2511 821 2553 intermedii
850 2511 904 2552 ab
940 2510 1216 2553 exterioribus
1246 2512 1387 2563 mayis
1417 2511 1637 2564 conspicue

260 2579 457 2629 diversis‘,
488 2578 685 2620 articulis
716 2578 1003 2620 crassioribus
1033 2578 1294 2632 ellipsoideis
1323 2579 1574 2620 constitutis.

147 2673 184 2713 3.
217 2672 266 2714 N.
300 2673 532 2714 FEREDAYAE
565 2671 724 2724 (Harv.
763 2672 860 2725 Aly.
899 2675 1034 2714 austr.
1076 2685 1162 2713 exs.
1191 2685 1264 2713 nto
1295 2672 1397 2727 430)
1428 2670 1579 2712 fronde
1610 2684 1682 2724 ge-

256 2740 633 2782 latinoso-lubrica
668 2740 1207 2795 cylindraceo-compressa
1246 2738 1673 2780 dichotomo-decom-

260 2810 401 2863 posita
430 2809 735 2863 subfastigiata
765 2809 982 2862 ramisque
1003 2808 1295 2851 conformibus
1315 2806 1567 2850 lateralibus
1582 2821 1682 2861 pro-

260 2877 399 2928 lifera,
431 2878 662 2931 segmentis
693 2877 986 2919 erectiusculis
1015 2877 1171 2919 sensim
1192 2876 1527 2931 angustioribus,
1549 2877 1682 2918 ramis
