<?xml version="1.0" encoding="UTF-8"?>
<!DOCTYPE html PUBLIC "-//W3C//DTD XHTML 1.0 Transitional//EN"
    "http://www.w3.org/TR/xhtml1/DTD/xhtml1-transitional.dtd">
<html xmlns="http://www.w3.org/1999/xhtml" xml:lang="en" lang="en">
 <head>
  <title>
</title>
<meta http-equiv="Content-Type" content="text/html;charset=utf-8" />
  <meta name='ocr-system' content='tesseract 3.04.00' />
  <meta name='ocr-capabilities' content='ocr_page ocr_carea ocr_par ocr_line ocrx_word'/>
</head>
<body>
  <div class='ocr_page' id='page_1' title='image "./speciesgeneraeto0301agar_0445.png"; bbox 0 0 1757 3114; ppageno 0'>
   <div class='ocr_carea' id='block_1_1' title="bbox 123 89 1651 143">
    <p class='ocr_par' dir='ltr' id='par_1_1' title="bbox 123 89 1651 143">
     <span class='ocr_line' id='line_1_1' title="bbox 123 89 1651 143; baseline 0.003 -13"><span class='ocrx_word' id='word_1_1' title='bbox 123 89 312 143; x_wconf 67' lang='lat' dir='ltr'>Tylotus.</span> <span class='ocrx_word' id='word_1_2' title='bbox 680 90 1103 132; x_wconf 64' lang='lat' dir='ltr'>Spmaoooccomm.</span> <span class='ocrx_word' id='word_1_3' title='bbox 1571 94 1651 134; x_wconf 77' lang='lat'>429</span> 
     </span>
    </p>
   </div>
   <div class='ocr_carea' id='block_1_2' title="bbox 115 203 1653 668">
    <p class='ocr_par' dir='ltr' id='par_1_2' title="bbox 115 203 1653 668">
     <span class='ocr_line' id='line_1_2' title="bbox 119 203 1651 258; baseline 0.003 -15"><span class='ocrx_word' id='word_1_4' title='bbox 119 203 531 253; x_wconf 69' lang='lat' dir='ltr'>sciculato-ramosa.</span> <span class='ocrx_word' id='word_1_5' title='bbox 564 204 831 245; x_wconf 85' lang='lat' dir='ltr'>ramulorum</span> <span class='ocrx_word' id='word_1_6' title='bbox 864 203 1048 244; x_wconf 86' lang='lat' dir='ltr'>articulo</span> <span class='ocrx_word' id='word_1_7' title='bbox 1095 218 1296 257; x_wconf 88' lang='lat' dir='ltr'>supremo</span> <span class='ocrx_word' id='word_1_8' title='bbox 1327 205 1510 247; x_wconf 89' lang='lat' dir='ltr'>obovato</span> <span class='ocrx_word' id='word_1_9' title='bbox 1541 220 1651 258; x_wconf 82' lang='lat' dir='ltr'>prae—</span> 
     </span>
     <span class='ocr_line' id='line_1_3' title="bbox 117 270 1652 327; baseline 0.002 -16"><span class='ocrx_word' id='word_1_10' title='bbox 117 271 294 320; x_wconf 70' lang='lat' dir='ltr'>cociore,</span> <span class='ocrx_word' id='word_1_11' title='bbox 319 270 595 313; x_wconf 87' lang='lat' dir='ltr'>inferioribus</span> <span class='ocrx_word' id='word_1_12' title='bbox 613 273 771 313; x_wconf 88' lang='lat' dir='ltr'>sensim</span> <span class='ocrx_word' id='word_1_13' title='bbox 791 272 1178 314; x_wconf 77' lang='lat' dir='ltr'>maturescentibus</span> <span class='ocrx_word' id='word_1_14' title='bbox 1196 273 1426 325; x_wconf 78' lang='lat' dir='ltr'>gemmidia</span> <span class='ocrx_word' id='word_1_15' title='bbox 1446 273 1652 327; x_wconf 88' lang='lat' dir='ltr'>oblongo-</span> 
     </span>
     <span class='ocr_line' id='line_1_4' title="bbox 116 340 1652 396; baseline 0.002 -15"><span class='ocrx_word' id='word_1_16' title='bbox 116 341 352 382; x_wconf 87' lang='lat' dir='ltr'>rotundata</span> <span class='ocrx_word' id='word_1_17' title='bbox 383 340 640 383; x_wconf 88' lang='lat' dir='ltr'>foventibus.</span> <span class='ocrx_word' id='word_1_18' title='bbox 703 342 865 392; x_wconf 78' lang='lat' dir='ltr'>Quibus</span> <span class='ocrx_word' id='word_1_19' title='bbox 897 341 1070 394; x_wconf 88' lang='lat' dir='ltr'>quidem</span> <span class='ocrx_word' id='word_1_20' title='bbox 1102 341 1356 384; x_wconf 81' lang='lat' dir='ltr'>differentiis</span> <span class='ocrx_word' id='word_1_21' title='bbox 1389 342 1565 396; x_wconf 84' lang='lat' dir='ltr'>Tylotus</span> <span class='ocrx_word' id='word_1_22' title='bbox 1597 344 1652 384; x_wconf 89' lang='lat' dir='ltr'>ad</span> 
     </span>
     <span class='ocr_line' id='line_1_5' title="bbox 119 408 1653 461; baseline 0.002 -12"><span class='ocrx_word' id='word_1_23' title='bbox 119 408 405 450; x_wconf 87' lang='lat' dir='ltr'>Gracilariam</span> <span class='ocrx_word' id='word_1_24' title='bbox 450 414 566 451; x_wconf 79' lang='lat' dir='ltr'>arcte</span> <span class='ocrx_word' id='word_1_25' title='bbox 612 410 796 461; x_wconf 84' lang='lat' dir='ltr'>accedit3</span> <span class='ocrx_word' id='word_1_26' title='bbox 843 408 1043 450; x_wconf 81' lang='lat' dir='ltr'>Curdiaea</span> <span class='ocrx_word' id='word_1_27' title='bbox 1074 424 1173 451; x_wconf 88' lang='lat' dir='ltr'>vero</span> <span class='ocrx_word' id='word_1_28' title='bbox 1220 425 1316 452; x_wconf 83' lang='lat' dir='ltr'>cum</span> <span class='ocrx_word' id='word_1_29' title='bbox 1363 411 1579 452; x_wconf 87' lang='lat' dir='ltr'>Dicurella</span> <span class='ocrx_word' id='word_1_30' title='bbox 1611 416 1653 453; x_wconf 90' lang='lat' dir='ltr'>et</span> 
     </span>
     <span class='ocr_line' id='line_1_6' title="bbox 116 477 1652 534; baseline 0.002 -16"><span class='ocrx_word' id='word_1_31' title='bbox 116 477 400 519; x_wconf 86' lang='lat' dir='ltr'>Melanthalia</span> <span class='ocrx_word' id='word_1_32' title='bbox 430 479 565 532; x_wconf 86' lang='lat' dir='ltr'>magis</span> <span class='ocrx_word' id='word_1_33' title='bbox 598 479 806 520; x_wconf 79' lang='lat' dir='ltr'>convenit.</span> <span class='ocrx_word' id='word_1_34' title='bbox 867 477 1184 531; x_wconf 83' lang='lat' dir='ltr'>Spliaerosporae</span> <span class='ocrx_word' id='word_1_35' title='bbox 1215 480 1440 534; x_wconf 86' lang='lat' dir='ltr'>utriusque</span> <span class='ocrx_word' id='word_1_36' title='bbox 1471 479 1652 521; x_wconf 81' lang='lat' dir='ltr'>Generis</span> 
     </span>
     <span class='ocr_line' id='line_1_7' title="bbox 115 546 1650 601; baseline 0.003 -15"><span class='ocrx_word' id='word_1_37' title='bbox 115 546 157 586; x_wconf 91' lang='lat' dir='ltr'>in</span> <span class='ocrx_word' id='word_1_38' title='bbox 191 546 468 587; x_wconf 87' lang='lat' dir='ltr'>nematheciis</span> <span class='ocrx_word' id='word_1_39' title='bbox 500 547 699 595; x_wconf 73' lang='lat' dir='ltr'>evolutae3</span> <span class='ocrx_word' id='word_1_40' title='bbox 733 547 1002 588; x_wconf 85' lang='lat' dir='ltr'>nemathecia</span> <span class='ocrx_word' id='word_1_41' title='bbox 1033 561 1130 588; x_wconf 88' lang='lat' dir='ltr'>vero</span> <span class='ocrx_word' id='word_1_42' title='bbox 1162 548 1384 601; x_wconf 81' lang='lat' dir='ltr'>paulisper</span> <span class='ocrx_word' id='word_1_43' title='bbox 1415 548 1543 590; x_wconf 87' lang='lat' dir='ltr'>aliter</span> <span class='ocrx_word' id='word_1_44' title='bbox 1563 548 1650 590; x_wconf 90' lang='lat' dir='ltr'>dis-</span> 
     </span>
     <span class='ocr_line' id='line_1_8' title="bbox 116 614 1650 668; baseline 0.003 -14"><span class='ocrx_word' id='word_1_45' title='bbox 116 615 267 666; x_wconf 87' lang='lat' dir='ltr'>posita.</span> <span class='ocrx_word' id='word_1_46' title='bbox 330 614 438 667; x_wconf 86' lang='lat' dir='ltr'>Ipsae</span> <span class='ocrx_word' id='word_1_47' title='bbox 472 615 782 668; x_wconf 80' lang='lat' dir='ltr'>sphaerosporae</span> <span class='ocrx_word' id='word_1_48' title='bbox 815 615 982 656; x_wconf 90' lang='lat' dir='ltr'>diverso</span> <span class='ocrx_word' id='word_1_49' title='bbox 1015 615 1140 657; x_wconf 86' lang='lat' dir='ltr'>modo</span> <span class='ocrx_word' id='word_1_50' title='bbox 1173 616 1401 659; x_wconf 74' lang='lat' dir='ltr'>subdivisae</span> <span class='ocrx_word' id='word_1_51' title='bbox 1434 618 1650 659; x_wconf 88' lang='lat' dir='ltr'>dicuntur.</span> 
     </span>
    </p>
   </div>
   <div class='ocr_carea' id='block_1_3' title="bbox 119 695 1654 1028">
    <p class='ocr_par' dir='ltr' id='par_1_3' title="bbox 119 695 1654 1028">
     <span class='ocr_line' id='line_1_9' title="bbox 119 695 1651 754; baseline 0.005 -19"><span class='ocrx_word' id='word_1_52' title='bbox 119 697 153 736; x_wconf 87' lang='lat'>1.</span> <span class='ocrx_word' id='word_1_53' title='bbox 185 695 229 736; x_wconf 89' lang='grc' dir='ltr'>Τ.</span> <span class='ocrx_word' id='word_1_54' title='bbox 261 709 490 737; x_wconf 74' lang='lat' dir='ltr'>ossrusATns</span> <span class='ocrx_word' id='word_1_55' title='bbox 522 697 673 750; x_wconf 76' lang='lat' dir='ltr'>(Sond.</span> <span class='ocrx_word' id='word_1_56' title='bbox 706 699 750 739; x_wconf 71' lang='lat' dir='ltr'>in</span> <span class='ocrx_word' id='word_1_57' title='bbox 772 697 835 750; x_wconf 72' lang='lat' dir='ltr'>pl.</span> <span class='ocrx_word' id='word_1_58' title='bbox 873 697 1033 739; x_wconf 68' lang='lat' dir='ltr'>Preiss.</span> <span class='ocrx_word' id='word_1_59' title='bbox 1047 711 1094 750; x_wconf 76' lang='lat' dir='ltr'>p.</span> <span class='ocrx_word' id='word_1_60' title='bbox 1120 699 1220 754; x_wconf 82' lang='lat'>191)</span> <span class='ocrx_word' id='word_1_61' title='bbox 1241 698 1391 741; x_wconf 86' lang='lat' dir='ltr'>fronde</span> <span class='ocrx_word' id='word_1_62' title='bbox 1414 700 1529 741; x_wconf 90' lang='lat' dir='ltr'>elata</span> <span class='ocrx_word' id='word_1_63' title='bbox 1550 701 1651 742; x_wconf 91' lang='lat' dir='ltr'>sub-</span> 
     </span>
     <span class='ocr_line' id='line_1_10' title="bbox 229 764 1653 816; baseline 0.004 -12"><span class='ocrx_word' id='word_1_64' title='bbox 229 764 558 806; x_wconf 86' lang='lat' dir='ltr'>membranacea</span> <span class='ocrx_word' id='word_1_65' title='bbox 588 765 926 813; x_wconf 71' lang='lat' dir='ltr'>di-tri0hotoma‚</span> <span class='ocrx_word' id='word_1_66' title='bbox 974 765 1116 807; x_wconf 82' lang='lat' dir='ltr'>axillis</span> <span class='ocrx_word' id='word_1_67' title='bbox 1164 767 1456 816; x_wconf 68' lang='lat' dir='ltr'>acutiusculis,</span> <span class='ocrx_word' id='word_1_68' title='bbox 1503 767 1653 810; x_wconf 87' lang='lat' dir='ltr'>flabel-</span> 
     </span>
     <span class='ocr_line' id='line_1_11' title="bbox 228 832 1653 888; baseline 0.003 -15"><span class='ocrx_word' id='word_1_69' title='bbox 228 832 577 885; x_wconf 72' lang='lat' dir='ltr'>lato-fastigiata,</span> <span class='ocrx_word' id='word_1_70' title='bbox 610 835 843 888; x_wconf 77' lang='lat' dir='ltr'>segmentis</span> <span class='ocrx_word' id='word_1_71' title='bbox 875 834 1414 882; x_wconf 76' lang='lat' dir='ltr'>subcuneato-linearibus.</span> <span class='ocrx_word' id='word_1_72' title='bbox 1447 837 1653 877; x_wconf 87' lang='lat' dir='ltr'>termina-</span> 
     </span>
     <span class='ocr_line' id='line_1_12' title="bbox 231 900 1654 958; baseline 0.004 -17"><span class='ocrx_word' id='word_1_73' title='bbox 231 900 344 942; x_wconf 87' lang='lat' dir='ltr'>libus</span> <span class='ocrx_word' id='word_1_74' title='bbox 376 902 675 952; x_wconf 77' lang='lat' dir='ltr'>obtusissimis,</span> <span class='ocrx_word' id='word_1_75' title='bbox 708 902 986 956; x_wconf 88' lang='lat' dir='ltr'>cystocarpiis</span> <span class='ocrx_word' id='word_1_76' title='bbox 1019 916 1152 956; x_wconf 83' lang='lat' dir='ltr'>supra</span> <span class='ocrx_word' id='word_1_77' title='bbox 1183 904 1386 957; x_wconf 78' lang='lat' dir='ltr'>paginam</span> <span class='ocrx_word' id='word_1_78' title='bbox 1414 909 1654 958; x_wconf 88' lang='lat' dir='ltr'>segmento-</span> 
     </span>
     <span class='ocr_line' id='line_1_13' title="bbox 231 970 1654 1028; baseline 0.004 -19"><span class='ocrx_word' id='word_1_79' title='bbox 231 983 327 1010; x_wconf 87' lang='lat' dir='ltr'>rum</span> <span class='ocrx_word' id='word_1_80' title='bbox 360 970 696 1022; x_wconf 89' lang='lat' dir='ltr'>penultimorum</span> <span class='ocrx_word' id='word_1_81' title='bbox 727 972 900 1025; x_wconf 85' lang='lat' dir='ltr'>sparsis,</span> <span class='ocrx_word' id='word_1_82' title='bbox 933 972 1214 1013; x_wconf 88' lang='lat' dir='ltr'>nematheciis</span> <span class='ocrx_word' id='word_1_83' title='bbox 1246 973 1288 1013; x_wconf 91' lang='lat' dir='ltr'>in</span> <span class='ocrx_word' id='word_1_84' title='bbox 1320 973 1437 1014; x_wconf 87' lang='lat' dir='ltr'>disco</span> <span class='ocrx_word' id='word_1_85' title='bbox 1460 988 1654 1028; x_wconf 91' lang='lat' dir='ltr'>segmen-</span> 
     </span>
    </p>
   </div>
   <div class='ocr_carea' id='block_1_4' title="bbox 231 1039 1652 1095">
    <p class='ocr_par' dir='ltr' id='par_1_4' title="bbox 231 1039 1652 1095">
     <span class='ocr_line' id='line_1_14' title="bbox 231 1039 1652 1095; baseline 0.004 -18"><span class='ocrx_word' id='word_1_86' title='bbox 231 1042 373 1078; x_wconf 86' lang='lat' dir='ltr'>torum</span> <span class='ocrx_word' id='word_1_87' title='bbox 397 1039 566 1080; x_wconf 90' lang='lat' dir='ltr'>seriatis</span> <span class='ocrx_word' id='word_1_88' title='bbox 589 1039 797 1092; x_wconf 77' lang='lat' dir='ltr'>oblongis,</span> <span class='ocrx_word' id='word_1_89' title='bbox 821 1040 947 1082; x_wconf 68' lang='lat' dir='ltr'>Curd.</span> <span class='ocrx_word' id='word_1_90' title='bbox 979 1041 1175 1082; x_wconf 69' lang='lat' dir='ltr'>obtusam</span> <span class='ocrx_word' id='word_1_91' title='bbox 1200 1041 1336 1083; x_wconf 68' lang='lat' dir='ltr'>Ham).</span> <span class='ocrx_word' id='word_1_92' title='bbox 1364 1042 1495 1095; x_wconf 59' lang='lat' dir='ltr'>Phyle.</span> <span class='ocrx_word' id='word_1_93' title='bbox 1519 1048 1652 1085; x_wconf 62' lang='lat' dir='ltr'>(lustr.</span> 
     </span>
    </p>
   </div>
   <div class='ocr_carea' id='block_1_5' title="bbox 232 1107 1655 1163">
    <p class='ocr_par' dir='ltr' id='par_1_5' title="bbox 232 1107 1655 1163">
     <span class='ocr_line' id='line_1_15' title="bbox 232 1107 1655 1163; baseline 0.005 -16"><span class='ocrx_word' id='word_1_94' title='bbox 232 1107 312 1148; x_wconf 69' lang='lat' dir='ltr'>tab.</span> <span class='ocrx_word' id='word_1_95' title='bbox 336 1108 429 1149; x_wconf 71' lang='lat'>210.</span> <span class='ocrx_word' id='word_1_96' title='bbox 465 1108 593 1150; x_wconf 53' lang='lat' dir='ltr'>Iside:</span> <span class='ocrx_word' id='word_1_97' title='bbox 618 1110 699 1150; x_wconf 75' lang='lat' dir='ltr'>tab.</span> <span class='ocrx_word' id='word_1_98' title='bbox 728 1109 858 1163; x_wconf 52' lang='lat' dir='ltr'>Phyle.</span> <span class='ocrx_word' id='word_1_99' title='bbox 894 1109 981 1151; x_wconf 77' lang='lat' dir='ltr'>Vol.</span> <span class='ocrx_word' id='word_1_100' title='bbox 1009 1110 1137 1152; x_wconf 89' lang='lat' dir='ltr'>XIX</span> <span class='ocrx_word' id='word_1_101' title='bbox 1156 1110 1237 1152; x_wconf 70' lang='lat' dir='ltr'>tab.</span> <span class='ocrx_word' id='word_1_102' title='bbox 1260 1111 1325 1151; x_wconf 76' lang='lat'>34.</span> <span class='ocrx_word' id='word_1_103' title='bbox 1362 1111 1655 1154; x_wconf 31' lang='lat' dir='ltr'>Rhfodomemssa</span> 
     </span>
    </p>
   </div>
   <div class='ocr_carea' id='block_1_6' title="bbox 230 1175 1654 1297">
    <p class='ocr_par' dir='ltr' id='par_1_6' title="bbox 230 1175 1654 1297">
     <span class='ocr_line' id='line_1_16' title="bbox 230 1175 1654 1233; baseline 0.004 -17"><span class='ocrx_word' id='word_1_104' title='bbox 230 1176 426 1218; x_wconf 67' lang='lat' dir='ltr'>obtusam</span> <span class='ocrx_word' id='word_1_105' title='bbox 451 1175 602 1227; x_wconf 71' lang='lat' dir='ltr'>Sond.;</span> <span class='ocrx_word' id='word_1_106' title='bbox 624 1177 669 1219; x_wconf 85' lang='lat' dir='ltr'>J.</span> <span class='ocrx_word' id='word_1_107' title='bbox 692 1179 772 1231; x_wconf 70' lang='lat' dir='ltr'>Ay.</span> <span class='ocrx_word' id='word_1_108' title='bbox 797 1177 869 1231; x_wconf 66' lang='lat' dir='ltr'>Sp.</span> <span class='ocrx_word' id='word_1_109' title='bbox 893 1192 940 1230; x_wconf 74' lang='lat' dir='ltr'>p.</span> <span class='ocrx_word' id='word_1_110' title='bbox 964 1179 1057 1219; x_wconf 78' lang='lat'>381.</span> <span class='ocrx_word' id='word_1_111' title='bbox 1081 1178 1457 1233; x_wconf 37' lang='lat' dir='ltr'>Ggflmfzoffifirmus</span> <span class='ocrx_word' id='word_1_112' title='bbox 1480 1180 1654 1222; x_wconf 71' lang='lat' dir='ltr'>Aresch.</span> 
     </span>
     <span class='ocr_line' id='line_1_17' title="bbox 236 1243 678 1297; baseline 0.002 -13"><span class='ocrx_word' id='word_1_113' title='bbox 236 1243 362 1296; x_wconf 64' lang='lat' dir='ltr'>Phyle.</span> <span class='ocrx_word' id='word_1_114' title='bbox 393 1258 483 1285; x_wconf 72' lang='lat' dir='ltr'>nov.</span> <span class='ocrx_word' id='word_1_115' title='bbox 506 1259 552 1297; x_wconf 74' lang='lat' dir='ltr'>p.</span> <span class='ocrx_word' id='word_1_116' title='bbox 585 1246 678 1286; x_wconf 77' lang='lat'>354.</span> 
     </span>
    </p>
   </div>
   <div class='ocr_carea' id='block_1_7' title="bbox 384 1312 1389 1358">
    <p class='ocr_par' dir='ltr' id='par_1_7' title="bbox 384 1312 1389 1358">
     <span class='ocr_line' id='line_1_18' title="bbox 384 1312 1389 1358; baseline 0.003 -5"><span class='ocrx_word' id='word_1_117' title='bbox 384 1312 487 1354; x_wconf 84' lang='lat' dir='ltr'>Nov.</span> <span class='ocrx_word' id='word_1_118' title='bbox 520 1314 756 1355; x_wconf 89' lang='lat' dir='ltr'>Hollandia</span> <span class='ocrx_word' id='word_1_119' title='bbox 786 1315 991 1356; x_wconf 85' lang='lat' dir='ltr'>australis</span> <span class='ocrx_word' id='word_1_120' title='bbox 1023 1319 1065 1357; x_wconf 90' lang='lat' dir='ltr'>et</span> <span class='ocrx_word' id='word_1_121' title='bbox 1097 1316 1389 1358; x_wconf 86' lang='lat' dir='ltr'>occidentalis.</span> 
     </span>
    </p>
   </div>
   <div class='ocr_carea' id='block_1_8' title="bbox 117 1392 1657 2296">
    <p class='ocr_par' dir='ltr' id='par_1_8' title="bbox 117 1392 1657 2296">
     <span class='ocr_line' id='line_1_19' title="bbox 209 1392 1655 1439; baseline 0.004 -14"><span class='ocrx_word' id='word_1_122' title='bbox 209 1392 500 1437; x_wconf 82' lang='lat' dir='ltr'>Spliaerosporas</span> <span class='ocrx_word' id='word_1_123' title='bbox 541 1397 579 1427; x_wconf 90' lang='lat' dir='ltr'>et</span> <span class='ocrx_word' id='word_1_124' title='bbox 616 1393 853 1428; x_wconf 81' lang='lat' dir='ltr'>nemathecia</span> <span class='ocrx_word' id='word_1_125' title='bbox 893 1394 1038 1428; x_wconf 84' lang='lat' dir='ltr'>frustra</span> <span class='ocrx_word' id='word_1_126' title='bbox 1075 1395 1113 1428; x_wconf 89' lang='lat' dir='ltr'>in</span> <span class='ocrx_word' id='word_1_127' title='bbox 1160 1398 1292 1429; x_wconf 83' lang='lat' dir='ltr'>nostra</span> <span class='ocrx_word' id='word_1_128' title='bbox 1332 1396 1502 1439; x_wconf 76' lang='lat' dir='ltr'>quaesivi.</span> <span class='ocrx_word' id='word_1_129' title='bbox 1561 1398 1655 1431; x_wconf 74' lang='lat' dir='ltr'>‘Are-</span> 
     </span>
     <span class='ocr_line' id='line_1_20' title="bbox 120 1449 1657 1500; baseline 0.005 -18"><span class='ocrx_word' id='word_1_130' title='bbox 120 1449 262 1494; x_wconf 82' lang='lat' dir='ltr'>sclioug</span> <span class='ocrx_word' id='word_1_131' title='bbox 290 1450 441 1484; x_wconf 86' lang='lat' dir='ltr'>easdem</span> <span class='ocrx_word' id='word_1_132' title='bbox 466 1451 685 1485; x_wconf 86' lang='lat' dir='ltr'>observavit</span> <span class='ocrx_word' id='word_1_133' title='bbox 710 1452 749 1485; x_wconf 92' lang='lat' dir='ltr'>in</span> <span class='ocrx_word' id='word_1_134' title='bbox 774 1452 906 1495; x_wconf 81' lang='lat' dir='ltr'>forma,</span> <span class='ocrx_word' id='word_1_135' title='bbox 932 1463 1044 1496; x_wconf 86' lang='lat' dir='ltr'>quam</span> <span class='ocrx_word' id='word_1_136' title='bbox 1069 1452 1151 1497; x_wconf 86' lang='lat' dir='ltr'>ipse</span> <span class='ocrx_word' id='word_1_137' title='bbox 1177 1464 1260 1488; x_wconf 87' lang='lat' dir='ltr'>cum</span> <span class='ocrx_word' id='word_1_138' title='bbox 1281 1455 1405 1500; x_wconf 88' lang='lat' dir='ltr'>specie</span> <span class='ocrx_word' id='word_1_139' title='bbox 1425 1454 1657 1489; x_wconf 84' lang='lat' dir='ltr'>Sonderiana</span> 
     </span>
     <span class='ocr_line' id='line_1_21' title="bbox 117 1506 1657 1558; baseline 0.005 -18"><span class='ocrx_word' id='word_1_140' title='bbox 117 1506 323 1541; x_wconf 84' lang='lat' dir='ltr'>identicam</span> <span class='ocrx_word' id='word_1_141' title='bbox 350 1508 461 1542; x_wconf 91' lang='lat' dir='ltr'>hodie</span> <span class='ocrx_word' id='word_1_142' title='bbox 488 1509 716 1543; x_wconf 86' lang='lat' dir='ltr'>considerat.</span> <span class='ocrx_word' id='word_1_143' title='bbox 766 1510 917 1554; x_wconf 85' lang='lat' dir='ltr'>Harvey</span> <span class='ocrx_word' id='word_1_144' title='bbox 944 1522 1047 1544; x_wconf 88' lang='lat' dir='ltr'>suam</span> <span class='ocrx_word' id='word_1_145' title='bbox 1067 1511 1232 1555; x_wconf 84' lang='lat' dir='ltr'>speciem</span> <span class='ocrx_word' id='word_1_146' title='bbox 1251 1516 1418 1547; x_wconf 76' lang='lat' dir='ltr'>erectam</span> <span class='ocrx_word' id='word_1_147' title='bbox 1437 1513 1657 1558; x_wconf 76' lang='lat' dir='ltr'>descripsit,</span> 
     </span>
     <span class='ocr_line' id='line_1_22' title="bbox 119 1565 1655 1609; baseline 0.005 -12"><span class='ocrx_word' id='word_1_148' title='bbox 119 1566 157 1598; x_wconf 88' lang='lat' dir='ltr'>et</span> <span class='ocrx_word' id='word_1_149' title='bbox 183 1575 228 1597; x_wconf 84' lang='lat' dir='ltr'>ex</span> <span class='ocrx_word' id='word_1_150' title='bbox 256 1565 526 1609; x_wconf 77' lang='lat' dir='ltr'>speciminibus</span> <span class='ocrx_word' id='word_1_151' title='bbox 553 1566 592 1599; x_wconf 90' lang='lat' dir='ltr'>in</span> <span class='ocrx_word' id='word_1_152' title='bbox 618 1566 803 1601; x_wconf 87' lang='lat' dir='ltr'>Herbario</span> <span class='ocrx_word' id='word_1_153' title='bbox 841 1567 1046 1602; x_wconf 79' lang='lat' dir='ltr'>asservatis</span> <span class='ocrx_word' id='word_1_154' title='bbox 1085 1568 1138 1602; x_wconf 87' lang='lat' dir='ltr'>ita</span> <span class='ocrx_word' id='word_1_155' title='bbox 1175 1569 1301 1603; x_wconf 87' lang='lat' dir='ltr'>forsan</span> <span class='ocrx_word' id='word_1_156' title='bbox 1339 1582 1422 1604; x_wconf 86' lang='lat' dir='ltr'>esse</span> <span class='ocrx_word' id='word_1_157' title='bbox 1450 1570 1655 1605; x_wconf 82' lang='lat' dir='ltr'>videbitur.</span> 
     </span>
     <span class='ocr_line' id='line_1_23' title="bbox 118 1621 1656 1673; baseline 0.005 -19"><span class='ocrx_word' id='word_1_158' title='bbox 118 1621 176 1654; x_wconf 87' lang='lat' dir='ltr'>Ex</span> <span class='ocrx_word' id='word_1_159' title='bbox 202 1621 431 1656; x_wconf 85' lang='lat' dir='ltr'>occidentali</span> <span class='ocrx_word' id='word_1_160' title='bbox 458 1623 564 1657; x_wconf 82' lang='lat' dir='ltr'>Nova</span> <span class='ocrx_word' id='word_1_161' title='bbox 588 1624 791 1658; x_wconf 84' lang='lat' dir='ltr'>Hollandia</span> <span class='ocrx_word' id='word_1_162' title='bbox 823 1624 980 1659; x_wconf 88' lang='lat' dir='ltr'>formam</span> <span class='ocrx_word' id='word_1_163' title='bbox 1013 1628 1140 1660; x_wconf 89' lang='lat' dir='ltr'>tamen</span> <span class='ocrx_word' id='word_1_164' title='bbox 1166 1626 1279 1661; x_wconf 87' lang='lat' dir='ltr'>habui</span> <span class='ocrx_word' id='word_1_165' title='bbox 1305 1627 1512 1673; x_wconf 87' lang='lat' dir='ltr'>insigniter</span> <span class='ocrx_word' id='word_1_166' title='bbox 1537 1628 1656 1662; x_wconf 85' lang='lat' dir='ltr'>undu-</span> 
     </span>
     <span class='ocr_line' id='line_1_24' title="bbox 117 1678 1655 1729; baseline 0.006 -18"><span class='ocrx_word' id='word_1_167' title='bbox 117 1678 369 1722; x_wconf 87' lang='lat' dir='ltr'>lato-tortam,</span> <span class='ocrx_word' id='word_1_168' title='bbox 397 1690 442 1712; x_wconf 86' lang='lat' dir='ltr'>ex</span> <span class='ocrx_word' id='word_1_169' title='bbox 469 1691 540 1723; x_wconf 87' lang='lat' dir='ltr'>qua</span> <span class='ocrx_word' id='word_1_170' title='bbox 566 1680 668 1714; x_wconf 87' lang='lat' dir='ltr'>frons</span> <span class='ocrx_word' id='word_1_171' title='bbox 696 1681 925 1715; x_wconf 82' lang='lat' dir='ltr'>decumbens</span> <span class='ocrx_word' id='word_1_172' title='bbox 952 1682 1162 1726; x_wconf 87' lang='lat' dir='ltr'>videretur,</span> <span class='ocrx_word' id='word_1_173' title='bbox 1196 1684 1377 1718; x_wconf 89' lang='lat' dir='ltr'>radiculis</span> <span class='ocrx_word' id='word_1_174' title='bbox 1404 1685 1655 1729; x_wconf 85' lang='lat' dir='ltr'>cylindraceis</span> 
     </span>
     <span class='ocr_line' id='line_1_25' title="bbox 118 1736 1656 1787; baseline 0.005 -18"><span class='ocrx_word' id='word_1_175' title='bbox 118 1747 138 1769; x_wconf 89' lang='lat' dir='ltr'>a</span> <span class='ocrx_word' id='word_1_176' title='bbox 162 1736 302 1781; x_wconf 84' lang='lat' dir='ltr'>pagina</span> <span class='ocrx_word' id='word_1_177' title='bbox 327 1736 505 1772; x_wconf 90' lang='lat' dir='ltr'>inferiore</span> <span class='ocrx_word' id='word_1_178' title='bbox 533 1738 818 1783; x_wconf 85' lang='lat' dir='ltr'>egredientibus</span> <span class='ocrx_word' id='word_1_179' title='bbox 839 1739 959 1783; x_wconf 73' lang='lat' dir='ltr'>affixa,</span> <span class='ocrx_word' id='word_1_180' title='bbox 979 1739 1201 1775; x_wconf 86' lang='lat' dir='ltr'>flabellatim</span> <span class='ocrx_word' id='word_1_181' title='bbox 1221 1753 1400 1787; x_wconf 81' lang='lat' dir='ltr'>expansa,</span> <span class='ocrx_word' id='word_1_182' title='bbox 1419 1743 1656 1778; x_wconf 81' lang='lat' dir='ltr'>flabellorum</span> 
     </span>
     <span class='ocr_line' id='line_1_26' title="bbox 117 1792 1656 1844; baseline 0.006 -19"><span class='ocrx_word' id='word_1_183' title='bbox 117 1792 232 1826; x_wconf 81' lang='lat' dir='ltr'>ramis</span> <span class='ocrx_word' id='word_1_184' title='bbox 272 1805 386 1838; x_wconf 89' lang='lat' dir='ltr'>supra</span> <span class='ocrx_word' id='word_1_185' title='bbox 422 1794 621 1838; x_wconf 83' lang='lat' dir='ltr'>primarias</span> <span class='ocrx_word' id='word_1_186' title='bbox 660 1795 836 1839; x_wconf 85' lang='lat' dir='ltr'>expansis</span> <span class='ocrx_word' id='word_1_187' title='bbox 863 1796 969 1839; x_wconf 87' lang='lat' dir='ltr'>quasi</span> <span class='ocrx_word' id='word_1_188' title='bbox 995 1797 1208 1841; x_wconf 79' lang='lat' dir='ltr'>imbricata,</span> <span class='ocrx_word' id='word_1_189' title='bbox 1235 1800 1444 1844; x_wconf 84' lang='lat' dir='ltr'>segmentis</span> <span class='ocrx_word' id='word_1_190' title='bbox 1478 1800 1562 1834; x_wconf 87' lang='lat' dir='ltr'>aliis</span> <span class='ocrx_word' id='word_1_191' title='bbox 1597 1812 1656 1834; x_wconf 88' lang='lat' dir='ltr'>su-</span> 
     </span>
     <span class='ocr_line' id='line_1_27' title="bbox 118 1850 1654 1896; baseline 0.006 -13"><span class='ocrx_word' id='word_1_192' title='bbox 118 1850 331 1894; x_wconf 85' lang='lat' dir='ltr'>perioribus</span> <span class='ocrx_word' id='word_1_193' title='bbox 359 1851 596 1885; x_wconf 87' lang='lat' dir='ltr'>radiantibus</span> <span class='ocrx_word' id='word_1_194' title='bbox 623 1851 761 1886; x_wconf 88' lang='lat' dir='ltr'>iterum</span> <span class='ocrx_word' id='word_1_195' title='bbox 788 1852 908 1896; x_wconf 77' lang='lat' dir='ltr'>affixa,</span> <span class='ocrx_word' id='word_1_196' title='bbox 936 1857 973 1887; x_wconf 91' lang='lat' dir='ltr'>et</span> <span class='ocrx_word' id='word_1_197' title='bbox 1000 1865 1046 1887; x_wconf 90' lang='lat' dir='ltr'>ex</span> <span class='ocrx_word' id='word_1_198' title='bbox 1071 1854 1142 1889; x_wconf 88' lang='lat' dir='ltr'>hoc</span> <span class='ocrx_word' id='word_1_199' title='bbox 1179 1858 1310 1890; x_wconf 90' lang='lat' dir='ltr'>centro</span> <span class='ocrx_word' id='word_1_200' title='bbox 1348 1868 1463 1891; x_wconf 90' lang='lat' dir='ltr'>novas</span> <span class='ocrx_word' id='word_1_201' title='bbox 1501 1857 1654 1891; x_wconf 86' lang='lat' dir='ltr'>frondes</span> 
     </span>
     <span class='ocr_line' id='line_1_28' title="bbox 119 1909 1655 1961; baseline 0.006 -19"><span class='ocrx_word' id='word_1_202' title='bbox 119 1909 311 1944; x_wconf 83' lang='lat' dir='ltr'>emittens.</span> <span class='ocrx_word' id='word_1_203' title='bbox 347 1910 453 1944; x_wconf 89' lang='lat' dir='ltr'>Hanc</span> <span class='ocrx_word' id='word_1_204' title='bbox 479 1914 647 1945; x_wconf 88' lang='lat' dir='ltr'>nostram</span> <span class='ocrx_word' id='word_1_205' title='bbox 675 1923 757 1945; x_wconf 90' lang='lat' dir='ltr'>cum</span> <span class='ocrx_word' id='word_1_206' title='bbox 786 1913 1008 1957; x_wconf 76' lang='lat' dir='ltr'>Harveyana</span> <span class='ocrx_word' id='word_1_207' title='bbox 1032 1915 1247 1958; x_wconf 84' lang='lat' dir='ltr'>comparavi</span> <span class='ocrx_word' id='word_1_208' title='bbox 1275 1918 1313 1950; x_wconf 87' lang='lat' dir='ltr'>et</span> <span class='ocrx_word' id='word_1_209' title='bbox 1338 1916 1515 1961; x_wconf 83' lang='lat' dir='ltr'>exiguam</span> <span class='ocrx_word' id='word_1_210' title='bbox 1535 1920 1655 1951; x_wconf 89' lang='lat' dir='ltr'>struc-</span> 
     </span>
     <span class='ocr_line' id='line_1_29' title="bbox 119 1967 1655 2018; baseline 0.005 -18"><span class='ocrx_word' id='word_1_211' title='bbox 119 1969 213 2001; x_wconf 77' lang='lat' dir='ltr'>turae</span> <span class='ocrx_word' id='word_1_212' title='bbox 254 1967 509 2002; x_wconf 77' lang='lat' dir='ltr'>differentiam</span> <span class='ocrx_word' id='word_1_213' title='bbox 548 1968 701 2012; x_wconf 86' lang='lat' dir='ltr'>quidem</span> <span class='ocrx_word' id='word_1_214' title='bbox 739 1970 939 2004; x_wconf 79' lang='lat' dir='ltr'>observavi</span> <span class='ocrx_word' id='word_1_215' title='bbox 977 1971 1144 2011; x_wconf 82' lang='lat' dir='ltr'>(cellulae</span> <span class='ocrx_word' id='word_1_216' title='bbox 1181 1972 1327 2006; x_wconf 81' lang='lat' dir='ltr'>intimae</span> <span class='ocrx_word' id='word_1_217' title='bbox 1364 1973 1404 2006; x_wconf 92' lang='lat' dir='ltr'>in</span> <span class='ocrx_word' id='word_1_218' title='bbox 1430 1973 1655 2018; x_wconf 86' lang='lat' dir='ltr'>Harveyana</span> 
     </span>
     <span class='ocr_line' id='line_1_30' title="bbox 119 2023 1656 2075; baseline 0.005 -19"><span class='ocrx_word' id='word_1_219' title='bbox 119 2023 239 2066; x_wconf 88' lang='lat' dir='ltr'>quoad</span> <span class='ocrx_word' id='word_1_220' title='bbox 278 2024 486 2059; x_wconf 83' lang='lat' dir='ltr'>exteriores</span> <span class='ocrx_word' id='word_1_221' title='bbox 526 2026 636 2069; x_wconf 86' lang='lat' dir='ltr'>paulo</span> <span class='ocrx_word' id='word_1_222' title='bbox 674 2026 833 2070; x_wconf 85' lang='lat' dir='ltr'>majores</span> <span class='ocrx_word' id='word_1_223' title='bbox 873 2027 1073 2064; x_wconf 85' lang='lat' dir='ltr'>videntur:</span> <span class='ocrx_word' id='word_1_224' title='bbox 1110 2028 1149 2061; x_wconf 90' lang='lat' dir='ltr'>in</span> <span class='ocrx_word' id='word_1_225' title='bbox 1186 2031 1319 2062; x_wconf 87' lang='lat' dir='ltr'>nostra</span> <span class='ocrx_word' id='word_1_226' title='bbox 1344 2030 1608 2075; x_wconf 80' lang='lat' dir='ltr'>magnitudine</span> <span class='ocrx_word' id='word_1_227' title='bbox 1636 2042 1656 2064; x_wconf 88' lang='lat' dir='ltr'>a</span> 
     </span>
     <span class='ocr_line' id='line_1_31' title="bbox 118 2080 1654 2129; baseline 0.006 -16"><span class='ocrx_word' id='word_1_228' title='bbox 118 2080 288 2124; x_wconf 82' lang='lat' dir='ltr'>proxime</span> <span class='ocrx_word' id='word_1_229' title='bbox 328 2082 575 2125; x_wconf 85' lang='lat' dir='ltr'>sequentibus</span> <span class='ocrx_word' id='word_1_230' title='bbox 602 2083 666 2116; x_wconf 86' lang='lat' dir='ltr'>vix</span> <span class='ocrx_word' id='word_1_231' title='bbox 704 2083 915 2127; x_wconf 83' lang='lat' dir='ltr'>differunt),</span> <span class='ocrx_word' id='word_1_232' title='bbox 943 2088 981 2118; x_wconf 87' lang='lat' dir='ltr'>at</span> <span class='ocrx_word' id='word_1_233' title='bbox 1012 2085 1067 2118; x_wconf 86' lang='lat' dir='ltr'>ita</span> <span class='ocrx_word' id='word_1_234' title='bbox 1107 2084 1245 2129; x_wconf 83' lang='lat' dir='ltr'>exigua</span> <span class='ocrx_word' id='word_1_235' title='bbox 1283 2086 1501 2121; x_wconf 80' lang='lat' dir='ltr'>differentia</span> <span class='ocrx_word' id='word_1_236' title='bbox 1525 2091 1567 2122; x_wconf 90' lang='lat' dir='ltr'>ut</span> <span class='ocrx_word' id='word_1_237' title='bbox 1594 2100 1654 2122; x_wconf 89' lang='lat' dir='ltr'>va-</span> 
     </span>
     <span class='ocr_line' id='line_1_32' title="bbox 117 2137 1653 2189; baseline 0.005 -18"><span class='ocrx_word' id='word_1_238' title='bbox 117 2137 235 2171; x_wconf 88' lang='lat' dir='ltr'>lorem</span> <span class='ocrx_word' id='word_1_239' title='bbox 274 2139 461 2182; x_wconf 87' lang='lat' dir='ltr'>quandam</span> <span class='ocrx_word' id='word_1_240' title='bbox 500 2139 532 2173; x_wconf 87' lang='lat' dir='ltr'>ei</span> <span class='ocrx_word' id='word_1_241' title='bbox 571 2139 634 2174; x_wconf 89' lang='lat' dir='ltr'>vix</span> <span class='ocrx_word' id='word_1_242' title='bbox 672 2152 930 2185; x_wconf 77' lang='lat' dir='ltr'>agnoscerem.</span> <span class='ocrx_word' id='word_1_243' title='bbox 993 2142 1158 2176; x_wconf 80' lang='lat' dir='ltr'>Credere</span> <span class='ocrx_word' id='word_1_244' title='bbox 1196 2142 1322 2177; x_wconf 85' lang='lat' dir='ltr'>forsan</span> <span class='ocrx_word' id='word_1_245' title='bbox 1360 2144 1452 2178; x_wconf 88' lang='lat' dir='ltr'>licet</span> <span class='ocrx_word' id='word_1_246' title='bbox 1489 2146 1653 2189; x_wconf 84' lang='lat' dir='ltr'>speciem</span> 
     </span>
     <span class='ocr_line' id='line_1_33' title="bbox 119 2195 1653 2243; baseline 0.006 -16"><span class='ocrx_word' id='word_1_247' title='bbox 119 2195 163 2229; x_wconf 90' lang='lat' dir='ltr'>ab</span> <span class='ocrx_word' id='word_1_248' title='bbox 189 2195 336 2240; x_wconf 82' lang='lat' dir='ltr'>origine</span> <span class='ocrx_word' id='word_1_249' title='bbox 363 2206 445 2230; x_wconf 90' lang='lat' dir='ltr'>esse</span> <span class='ocrx_word' id='word_1_250' title='bbox 473 2196 777 2241; x_wconf 77' lang='lat' dir='ltr'>decumbentem,</span> <span class='ocrx_word' id='word_1_251' title='bbox 805 2198 893 2232; x_wconf 89' lang='lat' dir='ltr'>dein</span> <span class='ocrx_word' id='word_1_252' title='bbox 912 2198 1060 2233; x_wconf 86' lang='lat' dir='ltr'>laciniis</span> <span class='ocrx_word' id='word_1_253' title='bbox 1087 2199 1291 2243; x_wconf 87' lang='lat' dir='ltr'>majoribus</span> <span class='ocrx_word' id='word_1_254' title='bbox 1316 2200 1653 2236; x_wconf 57' lang='lat' dir='ltr'>adscendentibus</span> 
     </span>
     <span class='ocr_line' id='line_1_34' title="bbox 119 2251 1211 2296; baseline 0.005 -12"><span class='ocrx_word' id='word_1_255' title='bbox 119 2251 269 2295; x_wconf 84' lang='lat' dir='ltr'>Harvey</span> <span class='ocrx_word' id='word_1_256' title='bbox 295 2254 483 2296; x_wconf 74' lang='lat' dir='ltr'>praeterea</span> <span class='ocrx_word' id='word_1_257' title='bbox 507 2253 673 2287; x_wconf 86' lang='lat' dir='ltr'>radicem</span> <span class='ocrx_word' id='word_1_258' title='bbox 700 2254 931 2289; x_wconf 85' lang='lat' dir='ltr'>discoideam</span> <span class='ocrx_word' id='word_1_259' title='bbox 959 2267 1034 2290; x_wconf 90' lang='lat' dir='ltr'>suae</span> <span class='ocrx_word' id='word_1_260' title='bbox 1062 2256 1211 2291; x_wconf 86' lang='lat' dir='ltr'>tribuit.</span> 
     </span>
    </p>
   </div>
   <div class='ocr_carea' id='block_1_9' title="bbox 121 2354 1155 2394">
    <p class='ocr_par' dir='ltr' id='par_1_9' title="bbox 121 2354 1155 2394">
     <span class='ocr_line' id='line_1_35' title="bbox 121 2354 1155 2394; baseline 0.008 -8"><span class='ocrx_word' id='word_1_261' title='bbox 121 2354 400 2389; x_wconf 68' lang='lat' dir='ltr'>Cnonnnrmmm</span> <span class='ocrx_word' id='word_1_262' title='bbox 426 2356 591 2392; x_wconf 77' lang='lat' dir='ltr'>Zanard.</span> <span class='ocrx_word' id='word_1_263' title='bbox 619 2358 719 2393; x_wconf 78' lang='lat' dir='ltr'>Icon.</span> <span class='ocrx_word' id='word_1_264' title='bbox 746 2358 898 2393; x_wconf 76' lang='lat' dir='ltr'>Adriat.</span> <span class='ocrx_word' id='word_1_265' title='bbox 926 2359 958 2393; x_wconf 87' lang='grc' dir='ltr'>Ι.</span> <span class='ocrx_word' id='word_1_266' title='bbox 986 2360 1057 2394; x_wconf 73' lang='lat' dir='ltr'>tab.</span> <span class='ocrx_word' id='word_1_267' title='bbox 1092 2360 1155 2394; x_wconf 91' lang='lat' dir='ltr'>VI.</span> 
     </span>
    </p>
   </div>
   <div class='ocr_carea' id='block_1_10' title="bbox 121 2423 1655 2869">
    <p class='ocr_par' dir='ltr' id='par_1_10' title="bbox 121 2423 1655 2869">
     <span class='ocr_line' id='line_1_36' title="bbox 121 2423 1655 2472; baseline 0.006 -16"><span class='ocrx_word' id='word_1_268' title='bbox 121 2423 242 2457; x_wconf 87' lang='lat' dir='ltr'>Frons</span> <span class='ocrx_word' id='word_1_269' title='bbox 269 2424 382 2468; x_wconf 83' lang='lat' dir='ltr'>plana</span> <span class='ocrx_word' id='word_1_270' title='bbox 406 2426 846 2472; x_wconf 79' lang='lat' dir='ltr'>carnoso-cartilaginea,</span> <span class='ocrx_word' id='word_1_271' title='bbox 873 2427 1004 2461; x_wconf 85' lang='lat' dir='ltr'>stratis</span> <span class='ocrx_word' id='word_1_272' title='bbox 1023 2427 1145 2462; x_wconf 83' lang='lat' dir='ltr'>tribus</span> <span class='ocrx_word' id='word_1_273' title='bbox 1165 2431 1362 2471; x_wconf 80' lang='lat' dir='ltr'>contexta3</span> <span class='ocrx_word' id='word_1_274' title='bbox 1389 2430 1590 2465; x_wconf 90' lang='lat' dir='ltr'>medullari</span> <span class='ocrx_word' id='word_1_275' title='bbox 1608 2443 1655 2465; x_wconf 86' lang='lat' dir='ltr'>ex</span> 
     </span>
     <span class='ocr_line' id='line_1_37' title="bbox 212 2479 1654 2525; baseline 0.006 -12"><span class='ocrx_word' id='word_1_276' title='bbox 212 2479 285 2514; x_wconf 86' lang='lat' dir='ltr'>filis</span> <span class='ocrx_word' id='word_1_277' title='bbox 312 2481 523 2515; x_wconf 83' lang='lat' dir='ltr'>articulatis</span> <span class='ocrx_word' id='word_1_278' title='bbox 551 2482 776 2517; x_wconf 81' lang='lat' dir='ltr'>dicliotomis</span> <span class='ocrx_word' id='word_1_279' title='bbox 809 2484 1035 2518; x_wconf 87' lang='lat' dir='ltr'>densissime</span> <span class='ocrx_word' id='word_1_280' title='bbox 1073 2484 1315 2525; x_wconf 75' lang='lat' dir='ltr'>intertextis3</span> <span class='ocrx_word' id='word_1_281' title='bbox 1353 2486 1582 2521; x_wconf 88' lang='lat' dir='ltr'>intermedio</span> <span class='ocrx_word' id='word_1_282' title='bbox 1607 2499 1654 2522; x_wconf 86' lang='lat' dir='ltr'>ex</span> 
     </span>
     <span class='ocr_line' id='line_1_38' title="bbox 211 2538 1652 2583; baseline 0.005 -11"><span class='ocrx_word' id='word_1_283' title='bbox 211 2538 285 2573; x_wconf 87' lang='lat' dir='ltr'>filis</span> <span class='ocrx_word' id='word_1_284' title='bbox 311 2539 396 2573; x_wconf 86' lang='lat' dir='ltr'>laxe</span> <span class='ocrx_word' id='word_1_285' title='bbox 422 2540 1038 2583; x_wconf 81' lang='lat' dir='ltr'>reticulato-anastomosantibus;</span> <span class='ocrx_word' id='word_1_286' title='bbox 1072 2543 1245 2577; x_wconf 84' lang='lat' dir='ltr'>corticali</span> <span class='ocrx_word' id='word_1_287' title='bbox 1272 2554 1317 2577; x_wconf 84' lang='lat' dir='ltr'>ex</span> <span class='ocrx_word' id='word_1_288' title='bbox 1344 2543 1418 2578; x_wconf 81' lang='lat' dir='ltr'>filis</span> <span class='ocrx_word' id='word_1_289' title='bbox 1444 2545 1652 2579; x_wconf 87' lang='lat' dir='ltr'>monilifor-</span> 
     </span>
     <span class='ocr_line' id='line_1_39' title="bbox 210 2596 1654 2646; baseline 0.003 -17"><span class='ocrx_word' id='word_1_290' title='bbox 210 2596 333 2631; x_wconf 88' lang='lat' dir='ltr'>mibus</span> <span class='ocrx_word' id='word_1_291' title='bbox 360 2596 635 2641; x_wconf 79' lang='lat' dir='ltr'>stipatissimis‚</span> <span class='ocrx_word' id='word_1_292' title='bbox 659 2609 766 2633; x_wconf 84' lang='lat' dir='ltr'>muco</span> <span class='ocrx_word' id='word_1_293' title='bbox 803 2599 1057 2633; x_wconf 87' lang='lat' dir='ltr'>solidescente</span> <span class='ocrx_word' id='word_1_294' title='bbox 1096 2599 1274 2634; x_wconf 89' lang='lat' dir='ltr'>cohibitis</span> <span class='ocrx_word' id='word_1_295' title='bbox 1312 2601 1534 2637; x_wconf 83' lang='lat' dir='ltr'>constituto.</span> <span class='ocrx_word' id='word_1_296' title='bbox 1585 2602 1654 2646; x_wconf 89' lang='lat' dir='ltr'>Cy-</span> 
     </span>
     <span class='ocr_line' id='line_1_40' title="bbox 212 2652 1653 2702; baseline 0.006 -17"><span class='ocrx_word' id='word_1_297' title='bbox 212 2652 401 2697; x_wconf 85' lang='lat' dir='ltr'>stocarpia</span> <span class='ocrx_word' id='word_1_298' title='bbox 426 2652 464 2686; x_wconf 94' lang='lat' dir='ltr'>in</span> <span class='ocrx_word' id='word_1_299' title='bbox 490 2655 648 2697; x_wconf 86' lang='lat' dir='ltr'>utraque</span> <span class='ocrx_word' id='word_1_300' title='bbox 675 2654 816 2700; x_wconf 81' lang='lat' dir='ltr'>pagina</span> <span class='ocrx_word' id='word_1_301' title='bbox 833 2655 1124 2700; x_wconf 69' lang='lat' dir='ltr'>hemispheerice</span> <span class='ocrx_word' id='word_1_302' title='bbox 1144 2656 1412 2700; x_wconf 80' lang='lat' dir='ltr'>prominentia,</span> <span class='ocrx_word' id='word_1_303' title='bbox 1431 2657 1653 2702; x_wconf 67' lang='lat' dir='ltr'>mamillam,</span> 
     </span>
     <span class='ocr_line' id='line_1_41' title="bbox 211 2709 1654 2756; baseline 0.005 -14"><span class='ocrx_word' id='word_1_304' title='bbox 211 2709 463 2754; x_wconf 83' lang='lat' dir='ltr'>carpostomio</span> <span class='ocrx_word' id='word_1_305' title='bbox 489 2710 638 2744; x_wconf 89' lang='lat' dir='ltr'>demum</span> <span class='ocrx_word' id='word_1_306' title='bbox 669 2715 838 2756; x_wconf 86' lang='lat' dir='ltr'>pertusa,</span> <span class='ocrx_word' id='word_1_307' title='bbox 865 2723 995 2756; x_wconf 86' lang='lat' dir='ltr'>sporas</span> <span class='ocrx_word' id='word_1_308' title='bbox 1033 2713 1256 2747; x_wconf 87' lang='lat' dir='ltr'>rotundatas</span> <span class='ocrx_word' id='word_1_309' title='bbox 1282 2713 1321 2747; x_wconf 90' lang='lat' dir='ltr'>in</span> <span class='ocrx_word' id='word_1_310' title='bbox 1348 2713 1422 2747; x_wconf 79' lang='lat' dir='ltr'>filis</span> <span class='ocrx_word' id='word_1_311' title='bbox 1448 2715 1654 2751; x_wconf 84' lang='lat' dir='ltr'>monilifor-</span> 
     </span>
     <span class='ocr_line' id='line_1_42' title="bbox 210 2767 1652 2813; baseline 0.006 -13"><span class='ocrx_word' id='word_1_312' title='bbox 210 2767 333 2801; x_wconf 88' lang='lat' dir='ltr'>mibus</span> <span class='ocrx_word' id='word_1_313' title='bbox 359 2767 622 2812; x_wconf 84' lang='lat' dir='ltr'>pluriseriatas</span> <span class='ocrx_word' id='word_1_314' title='bbox 649 2779 668 2801; x_wconf 89' lang='lat' dir='ltr'>e</span> <span class='ocrx_word' id='word_1_315' title='bbox 693 2769 869 2813; x_wconf 85' lang='lat' dir='ltr'>placenta</span> <span class='ocrx_word' id='word_1_316' title='bbox 893 2770 1012 2803; x_wconf 81' lang='lat' dir='ltr'>basali</span> <span class='ocrx_word' id='word_1_317' title='bbox 1038 2771 1276 2805; x_wconf 84' lang='lat' dir='ltr'>radiantibus</span> <span class='ocrx_word' id='word_1_318' title='bbox 1314 2772 1486 2806; x_wconf 85' lang='lat' dir='ltr'>evolutas</span> <span class='ocrx_word' id='word_1_319' title='bbox 1524 2774 1652 2809; x_wconf 79' lang='lat' dir='ltr'>foven-</span> 
     </span>
     <span class='ocr_line' id='line_1_43' title="bbox 211 2823 679 2869; baseline 0.002 -12"><span class='ocrx_word' id='word_1_320' title='bbox 211 2823 275 2858; x_wconf 85' lang='lat' dir='ltr'>tia.</span> <span class='ocrx_word' id='word_1_321' title='bbox 325 2823 608 2869; x_wconf 77' lang='lat' dir='ltr'>Sphaerosporae</span> <span class='ocrx_word' id='word_1_322' title='bbox 637 2852 643 2858; x_wconf 90' lang='lat'>.</span> <span class='ocrx_word' id='word_1_323' title='bbox 674 2852 679 2858; x_wconf 93' lang='lat'>.</span> 
     </span>
    </p>
   </div>
  </div>
 </body>
</html>
