1757 3114
78 184 308 227 Gelidimn.
744 184 969 225 Gummuffl.
1525 188 1602 228 547

188 297 347 339 erzfnale
377 296 500 339 Anat.
531 297 576 339 J.
608 297 689 350 Ay.
724 297 794 351 Sp.
817 297 914 350 AZq.
928 311 975 350 p.
998 298 1091 340 470.
1125 299 1398 351 Acrocarpus
1419 297 1606 340 lvsabrieus

187 371 223 408 et
245 366 299 407 A.
321 367 504 408 crinalis
539 367 667 408 Kutz.
699 367 781 408 tab.
819 365 947 419 Phyc.
988 365 1074 407 Vol.
1103 365 1283 409 XVIII
1299 366 1380 408 tab.
1403 366 1454 407 32
1477 370 1519 408 et
1540 368 1604 407 33.

245 436 355 477 Hab.
387 437 431 477 in
463 437 571 477 mari
604 436 915 478 mediterraneo
946 439 989 477 et
1019 436 1225 477 atlantico
1256 435 1406 477 vicino.

163 515 397 550 Ducentibus
423 517 632 551 innumeris
659 516 787 551 formis
814 514 952 549 Gelidii
972 515 1099 549 cornei
1118 526 1264 558 quoque
1282 515 1420 550 formas
1440 514 1603 549 crinales

73 576 115 608 ut
139 575 344 609 varietates
372 574 480 618 hujus
509 574 648 619 speciei
674 575 936 607 assumserunt
960 571 1126 616 plurimi.
1161 572 1229 606 His
1256 571 1382 606 Genus
1408 571 1605 616 proprium

74 631 245 679 condidit
269 631 448 676 Kutzing.
499 631 555 665 Sit
580 634 622 665 ut
645 631 747 664 inter
782 630 849 663 has
887 629 969 663 aliae
1009 629 1086 663 sint
1118 629 1199 663 Gel.
1229 629 1356 664 cornei
1383 631 1421 662 et
1446 628 1605 662 aliarum

73 689 285 734 specierum
309 689 438 723 sormae
465 689 653 729 reductae3
681 688 764 722 aliae
790 688 918 721 forsan
956 686 1100 731 species
1138 687 1311 732 proprias
1350 687 1603 727 constituant3

72 746 144 790 hae,
170 746 209 780 ni
234 745 358 788 fallor,
385 745 663 780 modificatione
690 744 765 778 levi
792 746 994 778 structurae
1021 743 1212 777 differant.
1262 743 1517 788 Cystocarpiis
1535 744 1602 777 hu-

72 815 212 847 cusque
249 803 399 838 omnino
436 803 577 849 ignotis
615 802 726 837 hodie
765 800 963 847 aegerrime
1001 800 1154 844 dicitur,
1192 813 1365 845 quaenam
1397 801 1476 835 sint
1499 800 1602 836 inter

72 861 255 905 ejusmodi
281 861 419 895 formas
447 860 592 905 species
618 859 796 905 propriae.
847 858 999 903 Species
1038 870 1256 893 numerosas
1295 858 1472 903 depinxit
1509 859 1602 893 Kiit-

70 918 157 964 zing
184 918 224 962 (Z.
251 929 279 953 c.
308 919 378 953 tab.
405 919 566 963 32ff36).

70 999 107 1039 2.
141 997 189 1040 G.
222 1012 416 1039 Loneirns
447 997 509 1049 (J.
541 998 621 1049 Ass.
654 1001 794 1050 mser.)
824 996 996 1050 caespite
1026 996 1348 1049 heinisphaerice
1378 996 1594 1050 pulvinati

185 1066 450 1116 densissimo,
483 1065 707 1106 frondibus
739 1080 764 1106 a
794 1065 922 1118 plexu
959 1064 1137 1106 radicali
1176 1065 1376 1107 intricato
1407 1072 1602 1120 quoquo*

183 1149 352 1177 versum
390 1135 674 1183 radiantibus,
720 1135 884 1176 inferne
930 1134 1074 1188 stipite
1119 1135 1318 1189 elongato
1349 1137 1602 1178 tenuissimo

183 1208 224 1245 et
256 1204 520 1257 subsimplici
552 1207 627 1244 aut
664 1204 913 1256 parcissime
956 1217 1126 1245 ramoso
1172 1204 1298 1244 tereti
1343 1204 1600 1255 constitutis,

179 1287 361 1326 superne
383 1273 562 1313 ramosis
584 1271 1185 1325 fasciculato-subfastigiatis,
1209 1271 1512 1314 fasciculorum
1529 1287 1599 1314 ra-

178 1342 301 1383 chide
332 1343 559 1395 pinnisque
591 1356 695 1395 vage
725 1342 978 1383 exeuntibus
1000 1341 1252 1395 compressis
1276 1342 1599 1395 ancipitibusve,

180 1410 488 1463 sphaerosporis
519 1411 659 1463 apices
691 1410 878 1451 clavatos
909 1410 1231 1463 occupantibus.

235 1479 345 1519 Hab.
377 1478 431 1519 ad
465 1492 562 1519 oras
594 1477 721 1520 Novae
753 1479 966 1520 Zelandiae
999 1479 1235 1532 (Bel-ggren
1248 1478 1292 1534 1).

157 1547 339 1592 Caespitcs
366 1546 631 1591 atropurpurei
662 1546 875 1581 mollissimi
913 1546 1425 1591 pulvinato-liemisphaerici,
1457 1547 1599 1582 frondi-

65 1606 133 1639 bus
161 1604 481 1638 numerosissimis
508 1615 529 1637 a
553 1604 665 1647 plexu
692 1603 849 1637 radicali
880 1603 1058 1638 intricate
1089 1615 1391 1647 quoquoversum
1416 1604 1597 1639 radianti—

65 1663 148 1705 bus,
176 1661 354 1695 inferiore
380 1664 488 1705 parte
521 1660 754 1695 tenuissimis
788 1660 1036 1703 discoloribus
1062 1660 1140 1694 fere
1166 1661 1458 1705 lutescentibus,
1484 1661 1598 1706 apici-

65 1719 135 1753 bus
174 1714 569 1753 ramoso-fasciculatis
608 1718 759 1751 intense
797 1717 987 1751 coloratis
1039 1717 1197 1762 Stipites
1235 1718 1424 1753 tenuitate
1462 1718 1599 1753 crinali

64 1776 143 1810 fere
170 1775 360 1820 simplices
386 1778 541 1809 manent
566 1778 604 1809 et
628 1778 785 1817 teretes,
805 1774 1045 1819 longitudine
1071 1775 1149 1809 fere
1174 1775 1368 1820 pollicari:
1395 1776 1494 1810 infra
1519 1776 1596 1821 api-

65 1844 146 1867 cem
172 1833 383 1867 dilatantur
410 1836 448 1867 et
473 1832 569 1866 fiunt
593 1832 678 1876 plus
705 1832 818 1877 duplo
844 1831 1063 1875 crassiores,
1090 1832 1297 1877 compressi
1323 1835 1387 1867 aut
1410 1832 1597 1878 ancipites

66 1894 103 1925 et
129 1891 282 1926 densius
307 1891 459 1934 ramosi,
486 1890 684 1925 fasciculos
711 1890 789 1924 fere
826 1890 972 1923 diceres
1010 1890 1300 1935 heterogeneOS,
1333 1890 1396 1934 qui
1420 1890 1598 1936 periphe-

63 1949 158 1982 riam
184 1948 418 1993 fastigiatam
444 1948 642 1991 czespitum
668 1946 883 1981 conficiunt.
918 1947 1060 1981 Horum
1085 1958 1273 1981 ramorum
1298 1947 1497 1982 inferiores
1516 1947 1595 1983 fere

65 2005 271 2040 dichotomi
297 2004 483 2048 adparent
509 2007 547 2037 et
573 2003 829 2047 erectiusculi,
858 2004 1072 2049 superiores
1110 2004 1245 2049 pinnas
1282 2015 1378 2049 vage
1410 2008 1593 2040 exeuntes

64 2067 102 2098 et
128 2062 362 2108 patentiores
389 2062 572 2096 referunt.
608 2061 738 2096 Pinnae
767 2062 980 2106 superiores
1000 2063 1337 2098 clavato-dilatatae
1359 2063 1596 2109 sphaerospo-

63 2132 124 2155 ras
162 2130 380 2154 numerosas
417 2118 613 2153 cruciatim
651 2119 863 2154 subdivisas
901 2119 1112 2154 continent.
1174 2120 1419 2165 Cystocarpia
1454 2120 1597 2157 frustra

64 2177 236 2221 quaesivi.

65 2261 102 2301 3.
134 2260 183 2301 G.
216 2273 430 2300 VARIADILE
462 2259 608 2313 (Grev.
640 2261 786 2314 mser.)
817 2260 968 2301 fronde
991 2260 1117 2301 tereti
1138 2260 1341 2312 filiformi,
1366 2274 1392 2302 a
1411 2260 1485 2302 filo
1506 2263 1595 2315 pri-

176 2330 314 2370 mario
345 2333 519 2382 repente
550 2329 843 2377 erectiuscula,
877 2330 1063 2384 subvage
1093 2342 1222 2383 parce
1254 2343 1437 2382 ramosa,
1463 2331 1595 2372 ramis

178 2397 521 2451 simpliciusculis
553 2397 831 2452 cylindraceis
855 2399 1018 2440 obtusis
1040 2399 1301 2452 patentibus,
1325 2399 1593 2453 sphaerospo-

178 2467 235 2507 ris
267 2467 311 2507 in
343 2467 460 2518 apice
491 2466 641 2507 obtuso
662 2467 730 2508 vix
752 2470 916 2507 mutato
948 2467 1107 2520 paucis.
1138 2466 1183 2509 J.
1217 2467 1298 2520 Ass.
1335 2462 1406 2520 Sp.
1428 2481 1475 2520 10.
1498 2468 1593 2509 468.

181 2535 310 2576 Κίιῖΐξ.
357 2535 438 2576 tab.
492 2534 618 2587 Phyc.
677 2534 765 2576 Vol.
800 2535 928 2577 XIX
956 2536 1036 2576 tab.
1069 2535 1132 2576 23.
1165 2534 1333 2588 Gv'yart.
1363 2536 1593 2579 variabilis

179 2603 302 2646 Grev.

262 2672 370 2713 Hab.
402 2672 446 2712 in
476 2672 587 2712 mari
618 2672 764 2713 Indico
796 2672 851 2713 ad
883 2685 980 2714 oras
1011 2670 1320 2713 Hindostaniae.

65 2775 118 2817 ΙΙ.
151 2775 409 2816 POLYCLADIA
430 2774 591 2828 fronde
621 2777 736 2817 tereti
761 2776 976 2829 ffl'mzatim
1006 2775 1300 2827 decomposita,
1318 2775 1416 2829 filis
1444 2776 1593 2819 interi-

177 2844 320 2885 oribus
358 2843 672 2895 adproaeimatis
710 2847 755 2886 at
791 2843 1049 2886 distantibus
1086 2847 1123 2885 et
1153 2844 1495 2887 anastomosibus
1523 2846 1590 2888 in-

177 2914 305 2955 vicem
325 2912 489 2965 junctis
521 2915 722 2953 contexta.

1388 2979 1452 3015 35*
