1757 3114
161 140 241 179 642
789 138 1055 182 CHONDRIEAE.
1370 142 1689 198 Coryneeladia.

161 251 411 295 constituere,
438 252 538 296 quod
565 252 869 287 animadvertere
896 254 1006 287 dccet
1032 265 1146 297 quum
1173 255 1272 289 haud
1291 257 1420 300 paucis
1448 268 1531 291 cum
1558 257 1596 292 C.
1616 258 1689 292 cla-

160 310 249 341 vata
274 308 478 343 convenire
504 308 668 343 videtur.
718 310 984 345 Exsiccatione
1011 313 1191 345 caeterum
1216 312 1298 346 haec
1322 314 1441 348 multo
1464 314 1584 359 inagis
1610 325 1690 348 car-

162 364 358 409 tilaginea.

159 578 313 627 flixss.
349 580 741 625 CORYNECLADIA
777 578 822 620 J.
855 578 936 632 Ay.
967 592 1117 628 92286r.,·
1151 578 1375 622 Chondria?
1409 581 1481 635 Sp.
1505 581 1690 635 Harvey.

160 705 297 747 Frons
327 704 606 746 teretiuscula
637 705 975 754 subcaulescens,
1008 705 1185 747 ramulis
1217 705 1557 750 clavaeformibus
1588 723 1694 762 vage

273 778 348 815 aut
394 775 741 817 subumbellatim
787 774 1041 816 exeuntibus
1088 776 1236 827 obsita,
1283 777 1499 830 cellulosa,
1546 779 1694 821 stratis

271 842 360 884 fere
392 843 531 885 tribus
563 844 809 895 constituta,
832 843 982 884 intimo
1004 842 1169 885 cellulis
1201 845 1488 887 substellatim
1520 851 1694 889 anasto-

271 913 551 963 mosantibus,
575 912 747 954 demum
768 912 1092 966 adproximatis,
1116 926 1192 966 per
1210 913 1354 955 radios
1376 916 1695 957 communican-

268 980 397 1031 tibus,
430 980 805 1034 longitudinaliter
839 980 1049 1033 elongatis
1082 980 1456 1024 subfusiformibus
1488 983 1605 1025 nullo
1628 984 1693 1024 di-

269 1048 424 1090 stincto
456 1049 605 1090 ordine
637 1049 811 1102 positis3
844 1048 1111 1090 intermediis
1144 1049 1400 1102 rotundatis,
1423 1051 1593 1092 extimis
1616 1052 1694 1092 mi-

269 1118 447 1159 noribus
480 1117 747 1171 subsiniplici
779 1117 888 1158 serie
920 1117 1152 1170 dispositis.
1216 1118 1477 1160 Keramidia
1508 1123 1645 1172 ovata,
1669 1133 1695 1160 a

267 1185 435 1227 ramulo
467 1185 790 1237 transformata,
822 1186 938 1226 intra
967 1185 1258 1239 pericarpium
1304 1186 1567 1239 cellulosum,
1599 1201 1694 1229 car-

267 1255 479 1308 postomio
511 1259 721 1308 apertum,
754 1254 1005 1295 fasciculum
1026 1253 1196 1295 filorum
1217 1255 1532 1308 praegnantium
1554 1269 1580 1297 a
1599 1256 1694 1310 pla-

267 1327 392 1364 centa
424 1323 562 1365 basah
593 1323 851 1374 emittentia3
899 1322 972 1364 fila
1003 1322 1318 1377 gemmidiifera
1348 1324 1527 1365 invicem
1557 1325 1695 1367 libera

269 1392 313 1432 in
331 1392 513 1433 articulo
545 1391 763 1432 terminali
785 1391 1018 1445 gemmidia
1035 1390 1207 1444 singula
1224 1390 1478 1445 pyriforinia
1494 1392 1695 1435 foventia.

270 1459 584 1513 ,S'phcerosporce
615 1459 729 1501 infra
760 1459 924 1513 apicem
957 1459 1225 1500 ramulorum
1257 1460 1347 1501 sine
1385 1460 1535 1502 ordine
1558 1462 1602 1502 in
1625 1476 1692 1503 zo-

267 1543 367 1570 nam
388 1529 721 1571 transversalem
753 1532 1011 1582 aggregatae,
1033 1529 1077 1569 in
1099 1528 1262 1570 cellulis
1283 1528 1693 1573 infra-corticalibns

266 1597 474 1649 formatae,
507 1598 750 1639 rotundatae
782 1596 999 1651 triangule
1032 1597 1189 1638 divisae.

267 1714 446 1765 Plantae,
480 1728 587 1768 quas
619 1714 699 1755 hoc
729 1713 822 1754 1000
861 1713 906 1753 in
951 1712 1095 1754 Genus
1127 1713 1351 1767 conjungo,
1397 1714 1452 1756 ab
1497 1714 1693 1769 Harveyo

154 1780 382 1824 Chondriae
414 1783 711 1824 adnumeratae
743 1781 929 1833 fuerunt,
961 1785 1110 1834 utpote
1157 1779 1385 1823 Chondriae
1426 1782 1691 1837 dasyphyllae

154 1851 361 1892 affinitate
391 1851 596 1905 proximae
629 1850 924 1892 consideratae.
984 1849 1021 1889 A
1053 1847 1394 1904 Chondriopside
1434 1865 1533 1892 vero
1577 1866 1691 1893 rece-

148 1919 261 1961 dunt
292 1923 524 1971 structura,
558 1933 653 1974 quae
685 1918 804 1960 haud
825 1922 873 1959 ut
893 1919 937 1959 in
959 1918 1260 1959 Rhodomeleis
1281 1918 1592 1973 polysiphonia,
1615 1934 1692 1961 nec

152 2002 238 2030 11011
255 1989 341 2030 situ
359 1988 772 2042 sphaerorporarum,
792 2000 887 2041 quae
909 1986 1161 2041 neutiquam
1182 1987 1226 2027 in
1247 1987 1412 2028 cellulis
1434 1988 1692 2041 quibusdam

152 2057 524 2110 pericentralibus,
548 2057 622 2097 sed
653 2057 696 2097 in
718 2060 855 2097 strato
885 2055 1226 2105 infra-corticali,
1258 2055 1423 2096 cellulis
1453 2056 1692 2098 minoribus

153 2130 364 2177 contexto,
411 2126 676 2168 evolvuntur.
737 2124 793 2165 Et
823 2128 1044 2166 structura
1088 2124 1264 2175 frondis,
1298 2128 1340 2165 et
1370 2125 1455 2165 situ
1501 2125 1691 2178 sphaero-

154 2208 381 2248 sporarum
411 2194 517 2234 mihi
546 2193 792 2234 Laurenciae
814 2192 1028 2234 affiniores
1051 2192 1274 2246 adparent,
1297 2196 1343 2233 at
1363 2193 1517 2234 habitu
1537 2207 1691 2247 parum

153 2263 409 2304 conveniunt
441 2265 482 2303 et
512 2261 582 2303 vix
613 2260 817 2313 legitimae
848 2260 1096 2302 Laurenciae
1119 2260 1280 2313 species
1305 2264 1572 2302 censeantur.
1604 2261 1690 2303 Ex-

153 2335 239 2373 stat
269 2336 492 2386 praeterea,
524 2331 567 2372 ni
597 2329 739 2381 fallor,
771 2333 999 2371 structurae
1030 2328 1288 2381 differentia,
1321 2343 1452 2383 quam
1484 2343 1616 2383 supra
1646 2331 1690 2371 in

154 2401 349 2454 diagnosi
379 2399 570 2440 indicare
600 2398 774 2440 inolitus
806 2412 911 2439 sum.
953 2397 1129 2439 Cellulae
1161 2398 1289 2439 strati
1319 2398 1536 2439 interioris
1568 2398 1690 2439 initio

154 2471 524 2511 anastomosantes
554 2467 702 2516 radiis,
734 2481 829 2520 quae
861 2467 1046 2508 sectione
1073 2466 1355 2508 transversali
1375 2465 1466 2507 fere
1489 2466 1691 2508 radiatim

153 2542 355 2580 exeuntes
386 2537 604 2588 videntur3
637 2535 801 2578 cellulae
832 2550 931 2578 vero
953 2540 1052 2577 sunt
1072 2535 1444 2589 longitudinaliter
1466 2535 1689 2590 elongatae,

153 2609 356 2661 utrinque
386 2608 621 2648 attenuatae
654 2605 712 2660 (si
743 2606 930 2647 sectione
960 2604 1265 2658 longitudinali
1297 2605 1615 2660 observantur),
1648 2608 1690 2645 et

155 2676 347 2729 apicibus
401 2674 637 2716 attenuatis
692 2678 1062 2716 anastomosantes
1107 2673 1212 2714 mihi
1257 2672 1567 2726 adparuerunt.
1640 2672 1689 2713 In

154 2743 297 2785 media
328 2742 484 2785 cellula
515 2742 701 2797 granula
731 2742 951 2797 amylacea
971 2755 1083 2782 1111110
1114 2745 1367 2783 coacervata
1397 2740 1581 2782 formam
1604 2741 1688 2782 evi-

155 2812 324 2852 dentius
355 2811 558 2852 indicant.
618 2810 794 2852 Cellulae
842 2810 968 2851 strati
1005 2809 1145 2850 intimi
1176 2809 1408 2850 maximam
1439 2809 1688 2850 interiorem

154 2883 322 2932 partem
352 2878 515 2921 frondis
560 2881 789 2932 occupant3
837 2882 959 2920 extra
1004 2877 1082 2919 has
1128 2877 1292 2919 cellulae
1322 2877 1588 2918 intermediae
1619 2891 1687 2919 ro-
