1757 3114
106 129 184 169 696

216 241 377 295 sparsis
408 244 483 281 aut
514 238 695 288 seriatis,
729 236 1040 291 sphaerosporis
1072 248 1191 276 soros
1213 232 1636 276 subnematheciosos

215 306 612 361 intra-marginales
653 306 697 347 in
729 304 957 359 segmentis
1003 302 1165 344 ultimis
1209 302 1505 356 provenientes
1550 301 1636 343 for-

216 377 447 418 mantibus.
496 373 776 427 Callophyllis
820 388 942 414 erosa
989 371 1125 413 Harv.
1175 370 1244 412 Fl.
1286 371 1392 412 Nov.
1434 369 1520 412 Zel.
1554 371 1636 412 tab.

223 444 448 488 CXVIII
463 445 539 497 fiy.
572 444 609 482 ·2.
641 442 818 496 (exclus.
850 442 919 494 fig.
953 440 1109 481 omnib.
1142 439 1236 480 aliis
1267 443 1311 480 et
1341 438 1573 493 descript).

292 523 398 565 Hab.
431 522 485 564 ad
517 536 615 564 oras
647 521 775 563 Novae
808 521 1042 562 Zelandiae:
1074 519 1314 574 Berggren!

194 627 343 673 Species
382 626 676 672 pluripollicaris
714 626 867 660 videtur
904 628 942 659 et
979 625 1126 659 inferne
1159 625 1368 659 2--3lineas
1393 626 1521 660 forsan
1546 626 1636 668 lata,

105 685 211 720 nobis
238 696 327 719 vero
354 687 502 718 tantum
527 683 752 729 fragmentis
790 682 953 727 cognita.
1005 682 1208 726 Segmenta
1238 683 1381 727 maj0ra
1405 682 1482 716 fere
1511 682 1637 716 dicho-

105 746 207 776 toma
232 744 270 775 et
295 741 378 786 plus
405 740 528 774 minus
567 739 789 774 flabellatim
827 751 1007 783 expansa,
1034 740 1230 783 superiora
1255 742 1293 773 et
1318 739 1463 773 minora
1488 739 1638 783 (praeci-

105 811 175 844 pue
202 797 240 831 in
267 798 397 841 planta
424 797 666 842 capsulifera)
694 796 910 830 evolutione
930 799 1212 840 segmentorum
1231 796 1442 830 lateralium
1461 796 1539 830 fere
1558 796 1639 841 pin-

106 855 222 890 natim
249 854 446 899 disposita.
495 854 586 888 Haec
622 857 664 888 ut
701 854 834 887 dentes
872 853 1008 887 minuti
1034 856 1071 887 et
1098 853 1211 887 immo
1248 853 1471 887 acutiusculi
1497 865 1518 887 a
1542 865 1638 887 mar-

104 915 193 959 gine
220 913 463 958 proveniunt,
491 912 631 947 sensim
657 912 768 956 paulo
786 911 977 957 longiores
998 912 1078 956 (vix
1096 914 1223 945 tamen
1242 910 1378 945 lineam
1399 915 1638 955 superantes)

105 970 199 1004 fiunt
227 981 373 1003 sursum
398 969 550 1003 laeviter
576 968 723 1002 incurvi
750 971 787 1002 et
820 968 960 1012 obtusi,
997 968 1110 1002 immo
1135 967 1316 1010 truncati,
1343 968 1520 1002 dentibus
1548 968 1637 1003 duo-

104 1029 172 1062 bus
198 1026 305 1061 novis
333 1038 379 1060 ex
405 1026 508 1070 apice
536 1027 675 1060 sensim
704 1025 1004 1070 emergentibus:
1033 1037 1139 1060 novae
1167 1025 1340 1059 lacinulae
1369 1036 1414 1059 ex
1431 1024 1490 1059 his
1509 1036 1637 1060 excre-

105 1087 226 1128 scunt,
253 1096 334 1128 quie
362 1084 440 1118 fere
467 1094 595 1118 omnes
623 1083 721 1117 latus
753 1083 910 1117 inferius
950 1083 1138 1127 segmenti
1175 1086 1372 1127 occupant,
1409 1082 1464 1117 ita
1488 1086 1530 1116 ut
1556 1095 1637 1128 seg-

104 1144 232 1175 menta
268 1141 442 1174 lateralia
480 1140 628 1174 demum
664 1139 743 1173 fere
781 1139 986 1174 alcicornia
1012 1139 1137 1174 dicere
1163 1139 1309 1174 liceret.
1358 1140 1403 1173 In
1429 1141 1637 1186 segmentis

104 1198 366 1232 terminalibus
393 1198 471 1232 fere
498 1198 627 1231 eadem
657 1197 857 1242 dispositio
882 1197 937 1231 ita
962 1197 1177 1242 conspicua,
1204 1201 1245 1231 ut
1272 1201 1470 1243 segmenta
1487 1198 1638 1242 potissi-

103 1268 204 1290 mum
229 1256 327 1290 latus
356 1255 522 1290 exterius
549 1258 752 1300 occupant3
778 1255 834 1289 ita
858 1255 897 1289 in
922 1255 1147 1300 fragmentis
1169 1255 1418 1300 capsuliferis.
1453 1256 1496 1290 In
1515 1256 1639 1290 sterili

104 1314 168 1346 aut
194 1312 531 1357 sphaerosporifera
566 1313 699 1346 fronde
738 1316 935 1357 segmenta
970 1313 1144 1347 lateralia
1180 1313 1300 1358 magis
1334 1313 1576 1348 dentiformia
1601 1317 1639 1348 et

105 1369 348 1414 simpliciora,
374 1372 487 1414 atque
514 1374 595 1404 tota
612 1370 715 1404 frons
735 1370 856 1415 magis
877 1369 1091 1405 dichotoma
1116 1370 1384 1414 conspiciatur,
1412 1370 1472 1405 hic
1497 1370 1576 1405 illic
1601 1374 1640 1405 et

104 1426 295 1471 praecipue
333 1426 371 1460 in
409 1426 616 1471 segmentis
656 1426 920 1461 terminalibus
959 1427 1128 1462 dentata.
1186 1427 1432 1472 Cystocarpia
1468 1429 1638 1473 globosa,

105 1486 213 1517 extra
249 1483 459 1528 marginem
496 1483 574 1517 fere
612 1487 694 1518 tota
730 1483 944 1528 prominula
983 1485 1177 1528 (dentibus
1216 1485 1494 1519 transformatis
1533 1486 1639 1530 quasi

103 1542 203 1586 orta)
230 1553 360 1585 sparsa
386 1544 448 1575 aut
475 1542 583 1586 plura
610 1541 768 1584 seriata:
795 1541 1009 1587 pericarpio
1035 1545 1254 1577 transverse
1283 1547 1386 1577 secto
1413 1543 1490 1577 vidi
1518 1547 1638 1577 struc-

104 1601 225 1632 turam
253 1598 585 1642 RhodophyllidiS,
611 1598 760 1632 cellulis
780 1598 953 1643 plurimis
973 1599 1220 1634 interioribus
1242 1600 1501 1635 concentricas
1521 1601 1638 1635 series

104 1656 372 1700 formantibus,
399 1656 510 1691 unico
536 1657 618 1691 loco
644 1656 796 1690 laterali
822 1656 997 1690 radiatim
1024 1657 1236 1702 dispositis,
1268 1669 1353 1692 cum
1385 1658 1638 1693 exterioribus

104 1714 397 1758 carpostomium
424 1713 758 1748 constituentibus.
808 1714 851 1747 In
878 1717 985 1758 parte
1025 1714 1149 1749 sterili
1185 1714 1330 1749 frondis
1368 1716 1516 1750 cellulae
1541 1716 1639 1750 inte-

104 1770 222 1804 riores
250 1770 391 1815 duplici
420 1770 518 1805 serie
556 1771 766 1815 dispositae,
804 1771 865 1805 hic
901 1771 980 1806 illic
1018 1772 1289 1817 suboppositae,
1315 1784 1415 1807 nunc
1440 1774 1642 1817 interjecta

104 1828 241 1862 cellula
266 1828 386 1872 magis
414 1839 647 1872 compressa:
674 1828 822 1862 cellulae
849 1828 907 1862 hae
933 1828 1095 1873 majores
1127 1829 1255 1873 paucis
1289 1830 1543 1865 exterioribus
1577 1831 1639 1864 de-

103 1896 204 1918 mum
231 1888 413 1929 teguntur
439 1888 478 1918 et
503 1884 658 1929 insuper
691 1885 861 1919 corticali
899 1888 1019 1920 strato
1052 1887 1318 1927 subcontinuo;
1356 1888 1502 1922 cellulae
1530 1888 1639 1932 hujus

103 1940 214 1974 unica
240 1941 336 1974 serie
364 1940 574 1985 dispositae,
603 1953 684 1985 quae
711 1942 831 1976 latere
858 1943 1080 1987 paginarum
1113 1943 1324 1978 directione
1357 1945 1567 1989 tangentis,
1594 1946 1640 1979 ad

107 1996 297 2041 margines
325 1997 470 2032 frondis
502 2010 590 2033 vero
616 1998 851 2032 verticaliter
878 2000 989 2044 paulo
1008 2000 1202 2045 longiores
1222 2000 1310 2035 sint.
1345 2001 1533 2035 Frondem
1553 2014 1639 2036 nus-

104 2065 212 2097 quam
241 2065 416 2088 venosam
444 2055 533 2089 vidi.
570 2055 851 2100 Sphaerosporae
877 2056 915 2089 in
941 2056 1097 2090 maculis
1125 2058 1416 2092 nematheciosis
1443 2058 1522 2092 fere
1540 2059 1640 2093 nudo

103 2111 211 2145 oculo
239 2110 534 2156 distinguendis,
560 2112 663 2146 intra
688 2112 898 2157 marginem
925 2116 1209 2157 scgmentorum
1233 2114 1487 2148 terminalium
1507 2126 1639 2159 prove-

104 2166 230 2210 niunt3
256 2178 342 2211 pars
370 2167 652 2203 nematheciosa
677 2169 892 2203 evolutione
930 2169 1040 2203 strati
1069 2169 1259 2204 corticalis
1287 2174 1351 2204 aut
1377 2171 1638 2206 subcorticalis

102 2224 272 2268 formata,
300 2225 439 2259 sensim
473 2225 516 2259 fit
547 2226 744 2260 admodum
779 2237 924 2267 crassa3
953 2227 1235 2270 sphaerosporas
1269 2228 1556 2263 evidentissime
1582 2241 1637 2263 zo-

102 2281 220 2316 natim
247 2282 386 2317 divisas
413 2283 503 2317 vidi.

193 2363 331 2397 Allatis
360 2364 644 2399 characteribus
673 2367 875 2398 structurae
904 2368 941 2399 et
965 2365 1109 2399 fructus
1144 2365 1290 2410 species
1328 2366 1406 2400 fere
1433 2366 1639 2401 sectionem

105 2420 297 2464 propriam
324 2420 476 2465 generis
502 2421 665 2455 formare
690 2421 800 2455 facile
828 2422 1033 2456 videretur.
1083 2423 1364 2468 Sphaerosporis
1390 2423 1428 2457 in
1456 2423 1549 2458 soris
1576 2436 1639 2457 ne-

104 2477 345 2512 matheciosis
372 2477 490 2522 ipsius
516 2477 662 2512 frondis
690 2478 862 2512 collectis
889 2479 1026 2512 formas
1053 2480 1328 2523 acropeltideas
1348 2481 1505 2514 aliorum
1524 2492 1637 2525 gene-

104 2546 185 2567 rum
211 2534 347 2573 refert3
375 2546 420 2568 ne
449 2534 531 2578 quis
559 2535 689 2569 credat
716 2546 773 2568 me
801 2535 984 2578 ejusmodi
1011 2535 1165 2570 formam
1205 2536 1476 2579 Rhodymoniae
1514 2549 1638 2571 coram

103 2590 291 2633 habuisse,
319 2591 626 2626 animadvertere
654 2591 764 2626 debui
793 2591 1083 2637 sphaerosporas
1111 2592 1272 2627 zonatim
1311 2592 1450 2628 divisas
1478 2605 1536 2628 me
1563 2593 1638 2627 evi—

104 2647 328 2681 dentissime
355 2648 509 2682 vidisse.
907 2657 915 2658 ‘

106 2727 161 2768 ad
193 2729 395 2782 paginam
428 2730 507 2770 378
539 2730 670 2771 adde:

105 2818 288 2862 CRUORIA
320 2833 517 2862 CRUCIATA
551 2821 657 2863 Zau.
690 2823 804 2864 Icon.
840 2823 922 2864 tab.
955 2823 1019 2865 86.
