1757 3114
100 97 180 139 462
703 91 1005 133 DELESSERIEAE.
1326 82 1630 137 Nv'tophyllum.

102 211 167 252 29.
200 209 250 250 N.
282 209 575 250 HARVEYANUM
607 205 668 257 (J.
702 205 782 258 As]-
814 204 858 243 v'n
892 200 1019 242 Bv'dr.
1057 199 1126 241 Fl.
1152 199 1261 252 Syst.
1276 213 1322 252 p.
1346 199 1418 253 51)
1449 200 1633 249 angusta

218 277 473 325 subsessilis,
505 275 670 316 inferne
692 275 931 315 incrassata
953 283 1107 323 parum
1129 269 1354 320 conspicue
1376 266 1633 313 caulescens,

216 347 367 388 fronde
400 343 841 385 subfiabelliformiter
879 352 1068 392 expansa
1100 333 1634 390 dichotomo—pinnatifida,

179 432 184 438 ·
218 414 387 456 laciniis
408 410 847 453 cuneato-linearibus
869 406 1128 460 oblongisve,
1146 404 1421 446 inferioribus
1443 402 1635 453 margine

216 481 518 535 inaequalibus,
552 478 845 533 superioribus
877 474 1129 516 flabellatim
1153 473 1351 526 expausis
1372 469 1636 525 pinnatifidis

216 551 304 592 fere
337 549 390 590 ad
425 548 566 601 apices
613 546 870 588 rotundatos
918 543 1096 587 venosis,
1144 541 1251 595 soris
1296 540 1470 580 minutis
1509 537 1637 578 dense

217 618 530 672 adproximatis
578 629 688 668 saepe
727 614 937 655 1111111633
984 611 1192 664 oblongas
1239 607 1563 652 confluentibus.
1595 606 1638 645 111

217 686 385 727 laciniis
416 683 717 726 terminalibus
749 696 869 723 secus
902 694 1029 721 venas
1070 678 1298 731 dispositis.
1343 677 1432 718 Nit.
1467 674 1636 727 palma-

219 759 381 796 matum
411 768 491 795 var
513 752 823 806 pimzatffidemz
856 748 993 790 Ηανυ.
1029 747 1074 789 F
1074 747 1098 788 l.
1135 746 1239 787 Nov.
1274 744 1360 786 Zel.
1393 744 1461 785 II.
1483 757 1530 795 p.
1561 743 1642 782 240

220 823 331 864 Hab.
363 823 418 863 ad
449 821 613 862 Novam
645 819 894 860 Zelandiam
926 816 1035 869 (Hb.
1068 813 1256 866 Harvey!
1290 810 1566 864 Berggrenl).

197 915 240 949 In
270 915 383 948 Flora
408 913 523 948 Novae
550 911 741 946 Zelandiae
780 910 930 952 Harvey
967 908 1064 941 hanc
1101 907 1257 941 formam
1297 905 1342 938 ad
1368 904 1413 938 N.
1440 903 1644 948 palmatum

109 971 259 1015 retulit,
287 969 430 1015 duplici
456 973 583 1003 tamen
610 968 720 1013 signo
748 966 852 1000 dubii
880 964 1067 1008 adposito.
1116 962 1167 997 Ut
1192 962 1259 995 has
1286 961 1424 995 formas
1450 960 1542 993 mihi
1561 971 1647 1004 cog-

109 1030 209 1063 nitas
247 1029 382 1071 habeo,
420 1027 566 1072 speeies
606 1026 803 1060 admodum
844 1024 1046 1057 distinctas
1081 1021 1221 1066 judico,
1270 1020 1314 1053 In
1351 1019 1396 1053 N.
1423 1019 1646 1061 Harveyano

110 1086 213 1120 frons
241 1088 301 1120 est
327 1085 488 1127 sessilis,
515 1083 582 1118 sed
608 1084 648 1117 fit
677 1082 825 1115 inferne
853 1080 994 1114 sensim
1021 1079 1233 1112 incrassata
1259 1079 1297 1109 et
1322 1076 1555 1109 caulescens.
1605 1074 1646 1106 111

110 1144 155 1178 N.
183 1143 348 1188 palmato
386 1142 504 1186 stipes
540 1141 649 1174 adest
674 1138 850 1183 proprius
878 1137 1077 1181 elongatus
1106 1134 1223 1177 (ultra
1248 1132 1470 1177 pollicarem
1498 1130 1591 1173 vidi)
1610 1133 1648 1163 et

110 1201 258 1235 inferne
296 1200 430 1234 saltem
468 1197 751 1232 teretiusculus.
802 1195 846 1228 N.
873 1194 1079 1238 palmatum
1113 1192 1191 1225 fere
1228 1190 1486 1234 Hymenenam
1521 1187 1647 1220 fissam

111 1258 243 1292 habitu
276 1256 414 1297 refert3
447 1255 492 1290 N.
518 1255 779 1298 Harveyanam
808 1252 925 1285 multo
951 1250 1071 1295 magis
1098 1249 1229 1283 habitu
1256 1259 1339 1281 cum
1364 1246 1409 1280 N.
1438 1244 1649 1278 Curdieano

112 1314 304 1357 convenit,
336 1313 428 1347 licet
452 1312 571 1346 forma
597 1310 818 1345 laciniarum
847 1308 930 1342 alia.
966 1307 1009 1341 In
1035 1307 1081 1341 N.
1107 1307 1273 1350 palmato
1298 1304 1402 1338 frons
1428 1307 1647 1336 transverse

114 1376 216 1406 secta
242 1370 416 1415 pluribus
455 1369 628 1403 seriebus
668 1367 891 1400 cellularum
930 1363 1138 1408 composita
1174 1363 1338 1396 videtur.
1393 1361 1436 1394 In
1473 1359 1518 1393 N.
1556 1358 1647 1392 Har-

114 1440 258 1474 veyano
282 1429 386 1462 frons
417 1427 581 1469 tenuior,
607 1426 646 1459 in
672 1425 844 1469 partibus
873 1422 1127 1456 exterioribus
1167 1417 1585 1459 submonostromatica,
1611 1415 1649 1448 in

114 1486 293 1520 inferiore
318 1487 426 1529 parte
453 1483 653 1518 admodum
678 1483 902 1523 incrassata,
931 1479 1077 1513 cellulis
1104 1477 1281 1520 utrinque
1302 1478 1412 1510 extra
1437 1474 1554 1508 axiles
1583 1484 1646 1517 po-

116 1543 200 1576 sitis
226 1542 418 1587 plurimis,
445 1551 563 1584 usque
591 1541 634 1573 10
659 1537 868 1580 numeravi,
897 1536 1070 1571 omnibus
1098 1546 1116 1569 e
1143 1534 1297 1579 regione
1330 1532 1465 1577 positis
1493 1534 1531 1564 et
1556 1529 1651 1563 invi-

117 1610 196 1633 cem
223 1598 417 1633 canalibus
444 1595 809 1631 communicantibus
836 1593 1010 1638 plurimis
1038 1596 1076 1625 et
1102 1590 1343 1625 evidentibus
1370 1592 1651 1622 anastomosan-

117 1657 232 1691 tibus.
283 1655 385 1689 Infra
412 1665 515 1688 soros
543 1653 645 1687 frons
673 1662 819 1695 quoque
847 1650 994 1684 cellulis
1021 1647 1277 1693 pluriseriatis
1305 1648 1495 1681 contexta.

118 1750 183 1790 30.
216 1748 265 1789 N.
298 1760 517 1788 PALMATUM
562 1745 722 1799 (Harv.
774 1743 843 1785 ΕΖ.
894 1743 999 1784 Nov.
1047 1741 1134 1783 Zez.
1183 1740 1251 1782 II.
1276 1753 1322 1792 p.
1355 1739 1457 1793 240)
1502 1736 1652 1778 fronde

234 1829 366 1870 supra
397 1814 586 1867 stipitem
619 1812 857 1854 evidentem
880 1811 1129 1864 elongatum
1151 1813 1193 1849 et
1216 1806 1516 1848 nudiusculum
1537 1818 1652 1846 cras-

234 1884 434 1933 siuscula,
468 1880 912 1924 subflabelliformiter
964 1891 1166 1933 expansa,
1205 1874 1651 1927 dichotomo-subpal-

236 1957 365 2003 mata,
398 1953 466 1994 vix
498 1951 724 2004 conspicue
756 1964 936 1991 nervosa
957 1953 1002 1990 at
1032 1949 1149 1990 venis
1180 1944 1523 2000 superficialibus
1554 1958 1651 1997 per-

236 2036 373 2069 cursa,
405 2021 571 2062 laciniis
603 2019 690 2061 late
721 2019 958 2060 linearibus
990 2017 1184 2069 margine
1215 2013 1533 2067 integriusculis
1562 2013 1655 2066 pla-

238 2092 314 2139 nis,
348 2091 468 2143 apice
500 2088 820 2135 obtusiusculis,
853 2088 961 2128 soris
993 2086 1169 2127 minutis
1192 2085 1322 2125 dense
1344 2083 1655 2136 adproximatis

237 2172 349 2211 saepe
381 2158 425 2199 in
457 2157 592 2198 lineas
632 2156 840 2208 oblongas
880 2153 1206 2201 confluentibus,
1239 2153 1281 2193 in
1312 2151 1479 2192 laciniis
1510 2150 1655 2192 termi-

239 2227 410 2268 nalibus
442 2239 563 2267 secus
594 2238 723 2265 venas
746 2223 988 2265 flabellatas
1011 2222 1243 2274 dispositis.
1268 2219 1406 2262 Harv.
1429 2220 1455 2259 l.
1481 2234 1511 2260 ι’».
1534 2218 1655 2272 (exel.

238 2296 407 2349 variet.)
440 2293 582 2347 Crypt.
603 2292 805 2345 palmata
841 2291 969 2332 Kv'ite.
1001 2290 1083 2331 tab.
1121 2289 1250 2342 Phys.
1295 2288 1382 2330 Vol.
1421 2286 1547 2329 XIX
1575 2286 1655 2327 tab.

240 2366 278 2405 4.
310 2367 485 2417 (parum
515 2360 845 2415 characterist.)

241 2432 349 2474 Hah.
381 2431 436 2472 ad
482 2430 646 2472 Novam
692 2428 940 2470 Zelandiam
987 2426 1086 2479 (Hb.
1134 2425 1304 2479 Harvey
1318 2424 1361 2480 1),
1393 2424 1447 2464 ad
1494 2422 1658 2463 insulas

393 2498 578 2540 Chatam
610 2496 872 2552 (Traversl).

131 2653 208 2686 303.
235 2650 281 2684 N.
307 2649 513 2682 DURVILLAEI
540 2646 674 2690 (Bm-y.
704 2645 814 2690 Coqu.
836 2655 876 2688 p.
903 2643 984 2686 183)
1010 2642 1143 2676 fronde
1170 2652 1283 2685 supra
1308 2639 1479 2684 stipitem
1507 2638 1658 2673 eviden-

221 2710 298 2740 tem
325 2705 545 2749 elongatum
571 2707 610 2736 et
635 2701 899 2736 nudiusculum
919 2698 1171 2733 crassiuscula
1190 2695 1577 2731 subflabelliformiter
1596 2706 1659 2730 ex-

222 2773 341 2807 pansa
366 2760 603 2806 pinnatifida,
629 2758 777 2792 laciniis
810 2755 979 2791 cuneatis
1006 2754 1153 2788 inferne
1190 2753 1287 2787 lobis
1324 2751 1560 2786 brevioribus
1599 2764 1658 2785 su-

223 2831 339 2864 perne
365 2817 602 2862 longioribus
628 2813 890 2850 erectiuseulis
917 2811 1193 2853 subflabellata,
1224 2809 1331 2844 venis
1358 2807 1657 2853 superficialibus
