1757 3114
100 149 396 204 Carpococcus.
757 145 997 189 Somnium).
1549 146 1629 187 585

96 263 283 314 CXLVII.
321 264 676 311 CARPOCOCCUS
711 272 756 315 J.
788 271 868 324 Ay.
902 284 1024 312 mser.

95 380 231 422 Erons
263 377 467 420 tubulosa
498 377 773 430 complanata
804 375 1020 423 continua,
1059 388 1191 427 supra
1222 374 1410 427 stipitem
1456 373 1632 415 linearis

208 451 284 488 aut
315 446 512 500 oblonga,
544 460 674 500 parce
714 445 884 486 furcata
916 448 990 484 aut
1030 443 1275 485 dichotoma
1307 446 1348 484 et
1378 442 1631 484 flabellatim

208 528 417 569 expansa;
451 516 554 557 tubo
593 515 795 556 interiore
833 512 916 554 filis
957 512 1246 566 sparsioribus
1286 511 1491 553 stellatim
1529 525 1632 552 ana-

207 584 554 631 stomosantibus,
588 596 811 637 percurso3
842 580 1110 634 peripherico
1134 584 1269 622 strato
1292 581 1526 621 introrsum
1549 578 1633 621 cel-

211 652 309 695 lulis
357 651 831 704 rotundato-angulatis
877 649 1170 700 concentricis,
1212 654 1455 691 extrorsum
1486 649 1530 689 in
1559 648 1635 689 fila

205 720 429 762 verticalia
461 721 714 762 brevissima
744 719 1019 764 abeuntibus,
1052 721 1288 759 constante.
1352 716 1635 771 Cystoearpia

206 792 250 831 in
281 790 593 844 appendicibus
617 788 942 844 marginalibus,
966 788 1133 828 fructus
1157 791 1355 829 externos
1376 787 1634 829 rotundato-

206 860 414 912 oblongos
446 860 749 900 mentientibus
771 859 985 907 immersa,
1009 857 1212 915 utrinque
1234 856 1494 910 prominula,
1517 857 1635 897 intra

205 929 510 982 pericarpium,
545 929 693 969 stratis
725 926 889 968 frondis
937 926 1074 979 magis
1120 925 1299 967 evolutis
1339 925 1632 974 constitutum,

206 997 405 1038 nucleum
438 996 735 1046 rotundatum,
769 996 882 1036 circa
913 994 1158 1048 placentam
1189 993 1430 1034 centralem-
1457 992 1634 1034 cellulo-

208 1080 298 1107 sam
330 1079 674 1119 quoquoversum
696 1064 768 1106 fila
790 1062 1105 1117 gemmidiifera
1127 1062 1404 1110 emittentem,
1427 1061 1634 1112 foventiag

205 1134 279 1175 fila
310 1133 625 1186 gemmidiifera
656 1133 946 1186 peripheriam
978 1146 1125 1173 versus
1157 1131 1437 1172 circumcirca
1458 1130 1634 1171 radian-

206 1203 280 1250 tia,
314 1216 485 1243 ramosa
516 1201 1027 1254 fasciculam-fastigiata,
1061 1213 1246 1253 superne
1279 1199 1459 1239 invicem
1481 1199 1630 1250 libera,

207 1272 249 1313 in
272 1272 464 1313 articulis
486 1271 786 1313 terminalibus
804 1270 1038 1324 gemmidia
1060 1269 1231 1322 singula
1253 1267 1632 1310 clavato-obovata

205 1339 454 1382 evolventia.
519 1339 834 1392 Sphoerosporce
867 1373 874 1380 .
908 1373 915 1380 .

202 1443 384 1497 Species,
418 1457 547 1496 quam
579 1443 678 1484 huic
715 1444 871 1484 Generi
908 1443 1095 1497 typicam
1134 1443 1370 1488 considero,
1410 1447 1475 1484 est
1511 1443 1639 1495 plan-

102 1512 194 1553 tula
225 1511 444 1565 pollicaris
476 1526 628 1564 parum
661 1512 901 1564 conspicua,
935 1525 1068 1564 supra
1106 1511 1294 1564 stipitem
1334 1511 1533 1565 oblonga,
1575 1527 1639 1552 se-

99 1580 183 1621 mel
214 1584 289 1621 aut
321 1580 385 1622 bis
416 1580 597 1625 furcata,
645 1584 865 1621 structura
908 1579 998 1620 fere
1045 1578 1377 1633 Chrysymeniae,
1424 1578 1638 1621 fructibus

98 1649 189 1690 fere
219 1649 499 1700 Rhabdoniae,
532 1649 605 1690 sed
638 1664 713 1690 suo
747 1649 870 1690 modo
903 1649 1104 1690 externis.
1148 1648 1258 1689 Huic
1290 1648 1419 1689 aliam
1452 1649 1639 1702 speciem

98 1717 249 1759 habitu
280 1718 470 1759 Chondri
503 1722 579 1758 aut
619 1717 899 1771 Nothogeniae
939 1717 1088 1771 adjeci,
1131 1732 1261 1770 quam
1293 1721 1421 1758 antea
1453 1716 1639 1772 Chrysy-

100 1788 250 1828 meniae
283 1787 459 1829 dubiam
493 1787 675 1840 speciem
706 1787 1092 1831 consideraveram,
1126 1790 1347 1827 structura
1379 1800 1475 1826 cum
1497 1786 1640 1840 typica

99 1856 238 1909 specie
270 1856 601 1905 convenientem,
635 1855 710 1896 sed
742 1855 795 1897 ob
828 1855 994 1895 fructus
1026 1855 1195 1908 ignotos
1228 1854 1419 1895 dubiam.

212 1926 348 1966 Frons
381 1925 539 1966 sterilis
571 1926 791 1966 evidenter
822 1925 964 1978 plana,
988 1924 1092 1965 tubo
1115 1924 1319 1964 interiore
1342 1923 1551 1965 conformi
1576 1924 1639 1965 in-

98 1998 277 2036 structa.
333 1992 529 2046 Spatium
561 1993 654 2034 tubi
687 1996 897 2046 occupant
926 1991 1000 2033 fila
1031 1992 1261 2044 sparsiora,
1296 2006 1417 2033 secus
1449 1992 1640 2045 parietes

98 2063 313 2117 praecipue
345 2062 629 2111 excurrentia,
664 2075 689 2102 a
721 2061 842 2102 nodis
874 2061 1159 2102 crassioribus
1191 2060 1336 2101 radios
1368 2060 1640 2114 longissimos

99 2136 142 2173 et
162 2131 449 2181 tenuissimos,
475 2144 571 2170 cum
594 2130 800 2183 proximis
833 2129 955 2170 nodis
978 2132 1362 2173 anastomosantes,
1387 2129 1639 2169 emittentia.

99 2199 293 2241 Stratum
326 2204 549 2241 externum
583 2203 751 2240 constat
782 2199 906 2252 quasi
946 2198 1048 2251 ipsis
1095 2198 1218 2239 nodis
1263 2197 1435 2239 filorum
1467 2202 1641 2239 anasto-

98 2268 358 2309 mosantium
390 2267 714 2320 adproximatis,
747 2267 880 2308 radiis
912 2266 1001 2307 fere
1033 2265 1163 2306 nullis
1188 2266 1232 2306 in
1253 2265 1431 2306 cellulas
1464 2266 1642 2306 mutatis

99 2336 320 2389 oblongas,
354 2335 549 2389 pluribus
582 2335 774 2376 seriebus
806 2334 1035 2388 dispositas
1068 2348 1165 2375 cum
1198 2333 1421 2386 superficie
1453 2332 1640 2386 paralle-

98 2405 174 2454 las,
207 2408 451 2446 extrorsum
482 2405 525 2445 in
557 2404 734 2445 cellulas
765 2404 991 2445 verticales
1024 2403 1334 2456 pauciseriatas
1357 2405 1432 2443 aut
1453 2402 1526 2442 fila
1548 2416 1640 2443 ver-

99 2472 246 2514 ticalia
291 2473 542 2514 brevissima
587 2473 858 2516 abeuntibus,
907 2472 1075 2514 extimis
1116 2474 1298 2524 anguste
1331 2470 1527 2523 oblongis
1558 2471 1641 2511 evi-

99 2541 251 2582 denter
280 2540 570 2591 verticalibus,
602 2540 717 2582 intra
739 2541 974 2594 gelatinam
996 2540 1217 2594 hyalinam
1240 2539 1502 2580 ambientem
1522 2538 1640 2580 fron-

99 2608 164 2650 dis
196 2609 429 2662 dispositis.
489 2607 768 2663 Cystocarpia
799 2610 841 2650 in
875 2608 1181 2661 appendicibus
1213 2606 1536 2661 marginalibus,
1567 2622 1641 2660 pe-

99 2678 288 2730 ricarpia
319 2677 762 2731 rotundato-oblonga
792 2677 1095 2727 formantibus,
1119 2679 1317 2729 excepta;
1350 2676 1641 2730 pericarpium

99 2750 268 2788 constat
299 2746 388 2787 fere
421 2747 568 2787 stratis
600 2747 739 2788 tribus
772 2746 959 2793 frondis,
993 2744 1066 2785 fila
1087 2743 1311 2785 verticalia
1332 2745 1375 2785 in
1396 2745 1639 2798 pericarpio

98 2815 234 2869 magis
256 2815 427 2856 evoluta
457 2818 499 2855 et
520 2814 736 2868 longiorag
770 2815 835 2855 liis
857 2813 1062 2867 proximae
1087 2817 1186 2854 sunt
1207 2812 1373 2853 cellulae
1397 2812 1640 2854 rotundatae

97 2884 388 2935 concentricae,
420 2884 605 2925 minores
637 2889 679 2927 et
699 2884 897 2939 pluribus
929 2881 1125 2925 seriebus
1158 2895 1287 2938 quam
1319 2881 1363 2922 in
1385 2881 1524 2924 sterili
1547 2881 1634 2925 dis-
