1757 3114
157 146 238 186 630

432 932 594 999 (llum
642 932 778 999 ΧΧΙ.
876 929 1420 998 LOMENTARIEAE.

270 1092 388 1146 Algae
420 1091 719 1142 inarticulatae,
749 1091 792 1131 in
823 1091 1043 1144 superiore
1074 1090 1226 1132 saltem
1257 1093 1379 1143 parte
1410 1090 1620 1132 tubulosae
1641 1094 1685 1133 et

157 1161 555 1215 diaphragmatibus
586 1160 799 1202 cellulosis
832 1160 1096 1201 articulatim
1128 1159 1366 1210 subdivisae,
1399 1162 1534 1201 strato
1555 1161 1683 1201 corti-

157 1229 240 1271 cali
271 1229 423 1271 tubum
455 1229 671 1270 ambiente
703 1227 917 1269 celluloso.
959 1226 1237 1282 Cystocarpia
1267 1227 1382 1268 intra
1402 1228 1690 1281 pericarpiuni

157 1301 383 1340 externum
415 1296 641 1350 globosum
672 1296 864 1337 clausum
897 1295 1085 1337 foventia
1115 1295 1325 1347 nucleum,
1357 1296 1444 1336 tela
1464 1297 1689 1338 arachnoi-

159 1368 241 1409 dea
286 1367 484 1417 cinctum,
532 1367 885 1420 subsphaericum,
931 1366 1090 1408 lobulis
1136 1366 1333 1420 pluribus
1379 1365 1689 1409 confluentibus

158 1436 545 1490 subcompositum;
588 1436 819 1490 gemmidia
864 1436 907 1476 in
952 1435 1153 1489 placenta
1183 1449 1208 1476 a
1238 1434 1372 1476 fundo
1403 1435 1688 1477 adscendente

157 1506 411 1548 subramosa
450 1519 791 1559 quoquoversum
833 1505 1064 1555 radiantia,
1105 1504 1309 1546 obconica
1346 1504 1583 1545 arctissime
1615 1505 1689 1546 sti-

157 1578 272 1628 pata,
305 1578 347 1616 et
368 1574 456 1615 tela
477 1573 765 1614 arachnoidea
786 1573 1001 1615 ambiente
1024 1572 1225 1614 cohibita.
1268 1571 1583 1626 Sphaerosporae
1610 1573 1688 1613 im-

158 1656 308 1684 mersae
339 1643 556 1696 triangule
587 1643 743 1684 divisae.

271 1710 439 1764 Species
474 1710 678 1763 Algarum
710 1711 911 1761 scribens,
934 1710 1217 1752 Lomentariae
1241 1711 1386 1763 generi
1408 1709 1569 1751 tribum
1590 1724 1688 1763 pro-

156 1779 295 1832 priam
326 1780 440 1820 inter
471 1777 735 1819 Chondrieas
766 1779 945 1819 institui.
995 1779 1150 1820 Postea
1180 1778 1344 1819 nullum
1377 1778 1521 1820 Genus
1552 1778 1688 1820 Flori—

158 1847 335 1888 dearum
367 1846 470 1888 mihi
503 1847 719 1900 cognitum
750 1846 843 1898 fuit,
876 1845 990 1900 quod
1030 1850 1248 1888 structura
1284 1846 1447 1888 frondis
1479 1851 1521 1887 et
1548 1838 1688 1900 >cysto-

157 1917 400 1970 carpiorum
444 1916 506 1956 ita
550 1929 644 1956 cun]
692 1914 967 1956 Loinentaria
1012 1915 1209 1968 congruit
1252 1918 1300 1956 ut
1330 1914 1429 1955 huic
1475 1918 1588 1955 certe
1625 1914 1687 1955 af-

157 1985 240 2026 fine
286 1998 503 2026 assumere
549 1997 678 2026 ausus
709 1985 801 2025 sim.
860 1984 1047 2026 Nucleus
1084 1984 1286 2025 nimirum
1324 1983 1537 2037 globosus,
1571 1997 1686 2037 gem-

156 2054 298 2095 midiis
330 2057 446 2094 arcte
477 2053 743 2107 conglobatis
774 2054 1043 2103 constitutus,
1076 2052 1164 2094 tela
1193 2054 1369 2105 insuper
1401 2052 1688 2093 arachnoidea

157 2122 558 2164 circum-ambiente
590 2123 704 2163 intra
734 2123 1023 2175 pericarpium
1068 2121 1293 2168 cohibitus7
1340 2120 1457 2162 haud
1489 2121 1687 2174 exiguam

157 2205 255 2232 cum
285 2189 496 2243 Champia
527 2190 672 2243 prodit
710 2190 1045 2235 similitudinem,
1092 2203 1221 2243 quam
1267 2193 1485 2230 structura
1521 2188 1687 2231 frondis

157 2259 482 2301 corroboratam
511 2257 636 2299 facile
668 2259 762 2312 quis
794 2258 985 2299 haberet.
1046 2258 1145 2311 Ipsa
1176 2261 1319 2298 autem
1350 2257 1579 2310 gemmidia
1609 2257 1685 2298 ha-

157 2328 260 2369 bent
304 2326 487 2368 formam
533 2326 674 2375 aliam,
722 2325 891 2379 qualem
923 2325 1010 2367 fere
1041 2326 1084 2366 in
1116 2325 1369 2367 Chondrieis
1401 2326 1685 2378 cognovimus.

158 2397 270 2437 Dum
300 2409 401 2437 vero
431 2395 475 2435 in
505 2395 571 2436 his
602 2394 675 2435 fila
706 2393 1018 2447 gemmidiifera
1056 2398 1156 2435 sunt
1192 2394 1371 2435 invicem
1407 2394 1555 2444 libera,
1589 2398 1631 2435 et
1659 2379 1687 2434 Ξ

158 2464 371 2517 placenta„
403 2463 499 2516 plus
531 2462 671 2503 minus
702 2462 986 2503 fasciculatim
1032 2476 1216 2511 ramosa,
1249 2476 1419 2503 sursum
1457 2461 1684 2513 radiantia,

159 2532 277 2573 intra
309 2531 525 2572 sacculum
557 2530 776 2585 hyalinum
808 2531 1083 2584 conspicuum
1105 2530 1272 2584 singula
1295 2530 1523 2583 gemniidia
1543 2529 1685 2572 foven-

158 2600 240 2649 tia3
273 2600 316 2640 in
348 2599 672 2651 Lomentarieis,
706 2603 867 2643 contra,
900 2599 1098 2652 placenta
1129 2599 1171 2639 in
1203 2599 1341 2641 medio
1381 2599 1528 2640 nucleo
1562 2600 1684 2652 quasi

158 2669 371 2718 centralis,
404 2669 518 2709 intra
563 2668 794 2721 gemmidia
838 2668 1113 2709 circumcirca
1158 2669 1390 2711 ambientia
1421 2673 1462 2710 et
1494 2683 1684 2723 quoquo-

158 2751 327 2778 versum
357 2737 574 2778 radiantia
604 2737 671 2779 vix
702 2737 750 2778 fit
780 2737 1027 2790 conspicua:
1060 2737 1234 2779 nucleus
1264 2737 1464 2792 globosus
1496 2737 1683 2790 pericar-

159 2805 227 2858 pio
261 2805 467 2846 conformi
498 2805 699 2848 inclusus.
740 2805 1047 2847 Lomentarieae
1081 2806 1226 2860 itaque
1258 2819 1394 2859 neque
1427 2804 1682 2858 Champieis,

159 2886 295 2927 neque
326 2871 578 2915 Chondrieis
610 2876 714 2915 bene
753 2874 1080 2927 conjunguntur.
1139 2873 1493 2928 Spongiocarpeis
1526 2878 1683 2916 natura
