1757 3114
138 77 218 119 458
739 78 1043 119 DELESSERIEAE.
1358 76 1663 129 Nitophyllum.

228 191 275 224 ln
300 190 605 235 N.multipartito
632 194 670 225 et
694 191 739 226 N.
768 191 867 226 affini
895 193 1092 233 segmenta
1116 190 1252 225 latiora
1276 190 1507 225 laceratione
1539 192 1578 224 et
1610 200 1666 223 se-

138 247 332 291 paratione
359 248 581 293 angustiora
610 248 706 282 fiunt
732 252 769 283 et
796 249 941 282 deinum
980 247 1127 281 inferne
1163 246 1430 290 caulescentia,
1457 246 1488 280 si
1514 245 1666 290 quidem

139 303 178 337 in
203 304 261 338 his
288 305 413 339 caules
441 304 575 339 adesse
603 304 794 339 videntur.
831 305 873 339 In
901 305 944 339 N.
975 304 1185 339 Curdieano
1212 307 1250 338 et
1274 304 1360 338 huic
1378 303 1549 338 affinibus
1567 302 1666 338 fron-

139 361 205 396 des
233 365 404 407 angustae
432 361 479 395 ad
504 362 628 396 caules
656 362 871 397 formandos
899 373 1028 406 pronae
1062 362 1254 403 videntur,
1281 365 1318 396 et
1343 361 1560 396 evidentius
1585 372 1668 394 cau-

139 418 327 453 lescentes
354 430 439 452 mox
465 419 685 453 obveniunt.
736 419 779 454 N.
807 418 1049 463 parvifolium
1074 419 1143 453 hoc
1168 421 1343 462 respectu
1370 418 1416 452 ad
1441 418 1486 452 N.
1515 417 1668 451 Curdie-

139 486 249 509 anum
276 475 455 509 accedere
481 475 574 510 mihi
600 477 795 521 adparuit3
823 480 883 511 est
909 488 998 511 vero
1024 477 1068 511 N.
1097 476 1309 511 Curdieano
1341 476 1460 510 multo
1486 474 1607 509 minor
1633 477 1670 508 et

140 531 350 577 angustior.
400 533 431 565 A
457 532 502 566 N.
528 532 738 577 pristoideo
764 533 936 578 margine
962 532 1213 578 integerrimo
1239 533 1473 568 distinctum.

139 614 203 653 22.
236 612 284 653 N.
316 611 597 655 CURDIEANUM
637 614 794 666 (Harv.
833 614 931 667 Azy.
971 618 1105 656 austr.
1137 627 1223 656 exs.
1253 628 1323 656 n.·o
1354 614 1456 668 291)
1487 615 1673 664 angusta

252 681 418 723 inferne
463 683 709 725 caulescens
755 684 877 725 caule
923 684 1160 725 incrassato
1206 683 1513 726 subconvoluto
1545 695 1672 736 squa-

253 764 382 797 moso,
415 750 567 792 fronde
613 751 949 793 subflabellatiin
989 752 1294 805 decomposita,
1340 751 1569 804 segmentis
1600 749 1673 790 de-

253 832 369 859 mum
400 819 648 865 linearibus,
680 820 956 862 inferioribus
978 821 1118 862 medio
1150 821 1448 871 crassioribus,
1480 820 1674 873 margine

251 887 419 940 integro
451 893 526 929 aut
556 889 872 939 subcrenulato,
905 889 1198 942 superioribus
1221 888 1558 930 subflabellatim
1580 888 1673 941 pin-

253 954 443 996 natifidis
481 955 569 997 fere
601 957 655 997 ad
688 958 828 1010 apices
861 957 1296 999 rotundato-obtusos
1342 957 1520 1002 venosis,
1568 956 1675 996 soris

252 1023 295 1064 in
327 1024 558 1077 segmentis
591 1025 885 1078 superioribus
918 1025 1246 1078 pinnatilobatis
1278 1024 1456 1066 evolutis
1478 1037 1675 1064 numero—

254 1092 311 1133 sis
350 1091 599 1146 majusculis
639 1093 927 1135 subocellatis.
963 1093 1100 1136 Harv.
1138 1093 1269 1147 Phgye.
1303 1095 1436 1134 austr.
1469 1092 1551 1134 tab.
1586 1093 1675 1133 151.

255 1160 468 1216 (partim).

408 1230 518 1272 Hab.
551 1231 605 1272 ad
638 1231 802 1273 Novam
835 1231 1112 1273 Hollandiam
1144 1230 1392 1272 australem.

234 1309 307 1345 Sub
336 1310 488 1345 nomine
513 1311 558 1345 N.
585 1311 782 1355 polyanthi
823 1311 968 1356 species
1006 1311 1074 1345 hoc
1100 1311 1182 1345 loco
1215 1309 1446 1344 describitur
1471 1308 1603 1343 habitu
1631 1308 1677 1342 si-

142 1366 312 1410 millima,
340 1367 434 1401 soris
462 1370 503 1401 ut
528 1368 620 1401 mihi
647 1368 836 1413 adparuit,
863 1368 1025 1402 diversa.
1061 1368 1141 1402 Sori
1169 1378 1303 1411 nempe
1329 1366 1368 1400 in
1393 1366 1438 1401 N.
1467 1365 1678 1399 Curdieano

142 1426 273 1459 nostro
310 1427 399 1458 sunt
434 1425 553 1459 multo
589 1425 749 1469 majores
788 1437 898 1469 quam
924 1426 963 1459 in
988 1426 1033 1460 N.
1060 1424 1279 1470 polyantho.
1331 1424 1404 1458 Sub
1441 1422 1591 1458 nomine
1631 1422 1677 1456 N.

144 1480 345 1515 Gurdieani
380 1482 571 1527 specimen
597 1482 797 1517 distribuit
822 1482 984 1526 Harvey,
1012 1482 1111 1526 quod
1137 1482 1207 1516 hoc
1233 1482 1315 1516 loco
1351 1480 1519 1525 typicum
1557 1478 1678 1514 consi-

144 1539 286 1574 deravi.
337 1540 443 1585 Quod
468 1541 618 1585 Harvey
644 1540 681 1574 in
708 1540 859 1585 Phycol.
888 1541 912 1574 l.
940 1552 970 1574 c.
999 1540 1044 1574 de
1073 1540 1168 1574 soris
1196 1539 1294 1574 dixit
1320 1549 1454 1572 revera
1479 1537 1613 1571 melius
1640 1537 1679 1570 in

144 1595 189 1631 N.
216 1596 465 1641 polyanthum
491 1597 665 1641 quadrat.

145 1712 220 1754 III.
251 1712 479 1754 DAWSONIA
502 1713 662 1767 fronde
694 1714 913 1756 obscurius
937 1715 1289 1766 purpurascenti&
1319 1711 1568 1764 plerumque
1605 1723 1680 1750 aaz·

255 1782 501 1836 qustrfolia,
547 1796 656 1824 nune
692 1782 791 1836 fere
836 1783 1003 1832 noenia,
1041 1782 1202 1834 scepius
1233 1780 1384 1821 eximie
1415 1792 1584 1827 venosa,
1615 1778 1681 1817 in-

251 1851 380 1904 ferne
402 1851 508 1904 plus
540 1852 682 1894 nn'nus
714 1853 960 1893 incrassata
992 1854 1029 1891 et
1059 1851 1224 1891 demunt
1261 1850 1307 1890 in
1336 1846 1553 1890 nonnullis
1581 1860 1681 1887 euu-

262 1918 339 1960 lene¹
370 1919 606 1973 elonyatunz
638 1921 864 1972 (mm'pitem
886 1919 1120 1973 formante,
1153 1919 1265 1959 soris
1297 1916 1473 1957 minutis
1494 1914 1681 1965 oblonfflis

261 2000 371 2039 saepe
417 1987 541 2029 dense
587 1988 903 2040 adprooee'matz's
940 1990 978 2027 et
1007 1986 1073 2027 hie
1103 1986 1193 2027 ulie
1222 1985 1267 2026 z'n
1298 1984 1434 2025 lmeas
1466 1981 1682 2035 (maculas

261 2054 501 2108 elonyatas)
533 2055 846 2108 cowfiuennbns,
877 2054 1062 2095 lacinias
1101 2053 1326 2094 exteriores
1358 2051 1596 2103 saepz'ssime
1617 2064 1681 2092 oe-

263 2124 531 2176 enpantibus.

150 2227 169 2247 ³²
205 2226 375 2269 Fronde
406 2227 665 2269 decumbente
695 2230 847 2279 (supra
879 2226 994 2268 alias
1027 2225 1171 2279 (dyas)
1202 2227 1369 2276 repente
1399 2226 1437 2264 et
1457 2236 1682 2275 processu-

264 2295 341 2337 bus
372 2310 400 2336 a
422 2296 591 2347 pa'ffljna
623 2294 828 2348 ulferiore
858 2294 1025 2335 emissis
1056 2293 1287 2341 radicante,
1316 2291 1534 2344 superiore
1556 2294 1685 2343 parte

265 2365 423 2406 sensim
453 2364 599 2405 libera.

153 2457 217 2496 23.
251 2455 301 2497 N.
333 2470 575 2497 Ducuiussnns
607 2454 668 2506 (J.
700 2454 782 2507 Ay.
812 2455 958 2507 mser.)
999 2452 1152 2493 fronde
1182 2455 1358 2504 repente
1389 2457 1431 2490 et
1461 2463 1683 2503 processu-

266 2524 346 2566 bus
377 2538 403 2564 a
433 2524 592 2576 pagina
623 2522 824 2563 inferiore
856 2521 1020 2562 emissis
1051 2520 1285 2566 radicante,
1318 2517 1536 2571 superiore
1559 2520 1681 2570 parte

267 2592 423 2634 sensim
454 2592 593 2633 libera
624 2590 916 2632 radiculorum
948 2588 1081 2630 initiis
1114 2601 1226 2640 saepe
1257 2586 1441 2639 sparsim
1463 2588 1683 2637 punctata,

268 2664 360 2702 tota
382 2658 717 2712 subpinnatifide
740 2657 1043 2710 decomposita,
1067 2654 1298 2709 segmentis
1320 2652 1555 2694 linearibus
1572 2666 1683 2692 mar-

269 2730 366 2784 gine
397 2729 682 2782 inaequalibus
714 2731 789 2768 aut
819 2727 861 2767 in
892 2726 1014 2767 lobos
1047 2724 1301 2766 rotundatos
1333 2735 1444 2773 saepe
1476 2719 1684 2773 plurimos

270 2797 617 2846 exuberantibus,
650 2794 926 2837 inferioribus
960 2807 1080 2834 secus
1112 2792 1299 2834 medium
1330 2788 1578 2832 incrassatis
1610 2789 1683 2831 ob-
