1757 3114
141 123 221 163 574
763 121 1032 164 HYPNEACEAE.
1370 122 1662 166 Ectoclc‘nium.

252 248 358 290 vage
403 235 656 277 exeuntibus
701 235 927 287 subdivisa,
973 236 1119 277 stratis
1150 235 1240 277 fere
1271 237 1411 279 tribus
1441 240 1661 278 contexta:

252 303 495 355 medullari,
527 303 690 346 inferne
721 308 880 346 costam
911 304 1133 356 formante,
1172 304 1337 346 cellulis
1367 305 1481 346 circa
1510 306 1664 348 tubum

253 373 408 416 axilem
439 373 773 427 angustioribus,
806 387 880 415 suo
911 373 1089 415 reticulo
1111 372 1288 414 cellulas
1307 373 1566 428 majusculas
1588 387 1663 416 an-

253 441 680 496 gulato-rotundatas
713 442 838 483 strati
867 441 996 482 medii
1035 441 1304 495 cingentibus
1334 446 1376 483 et
1419 442 1590 483 demum
1620 443 1664 483 in

253 510 327 551 fila
349 510 497 551 brevia
518 511 737 552 verticalia
758 510 882 551 strati
903 509 1116 551 corticalis
1139 510 1476 552 excurrentibus.
1520 509 1664 564 Cysto-

253 579 404 631 carpia
433 578 478 619 in
508 578 684 620 ramulis
714 577 1092 619 intumescentibus
1122 577 1235 618 infra
1264 578 1430 631 apicem
1449 579 1665 629 immersa,

254 648 371 688 intra
401 647 691 701 pericarpium
735 647 928 689 clausum
974 646 1190 689 nucleolos
1221 646 1428 700 plurimos
1458 646 1664 698 foventia3

254 715 438 757 nucleoli
459 714 541 757 filis
572 715 831 757 reticulatim
859 714 1093 768 conjunctis
1115 715 1316 768 separati,
1347 715 1462 756 intra
1482 716 1668 768 spatium

254 783 762 837 rotundato-angulatum
806 782 1035 836 gemmidia
1072 783 1348 824 circumcirca
1379 796 1405 824 a
1433 782 1516 825 filis
1547 797 1667 837 egre-

254 851 428 902 dientia,
459 850 721 906 pyriformia,
755 850 923 904 singula
953 850 1148 903 stipitata
1179 851 1449 904 excipientes.
1520 850 1665 904 Sphae-

254 933 439 973 rosporoe
470 921 514 961 in
545 920 653 962 soris
684 919 1021 970 nematheciosis,
1068 933 1198 972 supra
1242 919 1444 973 paginam
1475 920 1666 961 maculas

256 989 522 1031 sublineares
553 987 851 1039 formantibus,
882 987 1071 1039 evolutae,
1103 987 1288 1030 zonatim
1319 987 1476 1030 divisae.

256 1131 421 1173 Plantae
452 1131 798 1181 distinctissimae,
831 1134 872 1172 et
902 1133 1028 1172 antea
1059 1131 1093 1171 si
1125 1129 1228 1184 quid
1260 1130 1357 1171 novi
1384 1129 1668 1183 indescriptae,

148 1215 301 1243 novum
333 1201 478 1242 Genus
509 1200 691 1241 condere
721 1199 854 1249 decet,
886 1199 1000 1253 quod
1033 1198 1276 1253 Mychodeae
1298 1197 1505 1239 affinitate
1525 1199 1669 1252 proxi-

142 1284 259 1311 mum
288 1273 404 1323 puto.
445 1268 571 1310 Color
592 1267 831 1310 fuscescens
853 1271 895 1309 et
915 1267 1086 1310 habitus
1117 1267 1257 1320 potius
1279 1266 1311 1307 T
1316 1266 1664 1320 hysanocladiam

141 1338 325 1393 prodere
355 1337 505 1381 forsan
536 1337 802 1387 viderentur3
834 1340 879 1378 at
910 1337 1184 1393 cystocarpiis
1230 1349 1379 1379 revera
1423 1335 1668 1390 Mychodeae

142 1408 398 1461 proximum,
431 1406 584 1449 habitu
615 1410 657 1447 et
688 1405 994 1460 sphaerosporis
1016 1405 1058 1446 in
1080 1419 1198 1447 soros
1219 1404 1554 1447 nemathesiosos
1585 1404 1670 1446 col-

142 1476 265 1518 lectis
297 1474 645 1530 dignoscendum.
686 1475 821 1516 Frons
853 1487 1007 1527 anceps
1038 1478 1079 1515 et
1109 1487 1134 1514 a
1155 1472 1349 1526 margine
1375 1472 1556 1514 distiche
1577 1473 1671 1526 pin-

143 1550 259 1597 nata,
292 1544 580 1598 dentibusque
611 1546 716 1597 vag'e
747 1547 915 1585 serrata
944 1557 970 1584 a
999 1542 1244 1598 Mychodeis
1282 1542 1479 1584 omnibus
1515 1542 1671 1584 hucus-

143 1628 227 1668 que
257 1614 439 1668 cognitis
471 1612 652 1664 recedit3
693 1612 786 1654 luce
817 1612 994 1666 objecta,
1042 1617 1160 1653 costa
1204 1612 1435 1654 obsoletior
1477 1611 1672 1653 frondem

144 1684 334 1726 mediam
365 1696 630 1737 percurrere,
663 1682 962 1735 conspiciatur.
1023 1680 1213 1723 Sectione
1243 1680 1522 1723 transversali
1542 1680 1668 1732 facta,

145 1752 328 1806 adparet
358 1751 535 1794 cellulas
566 1750 791 1791 interiores
821 1747 1077 1803 majusculas
1110 1774 1160 1779 —
1191 1748 1279 1790 fere
1310 1749 1450 1790 tribus
1482 1749 1671 1791 seriebus

143 1821 260 1862 intra
311 1824 544 1873 utrumque
594 1818 831 1872 marginem
883 1817 1067 1859 extensis
1118 1817 1347 1870 dispositas
1400 1841 1455 1847 -—
1515 1829 1672 1870 aquam

144 1888 268 1931 avide
298 1888 506 1931 imbibere
537 1892 579 1929 et
609 1886 778 1928 facilius
809 1885 1011 1939 expandi3
1048 1886 1275 1939 cinguntur
1306 1885 1370 1926 hae
1401 1883 1564 1926 cellulae
1595 1885 1671 1926 ad-

145 1960 303 2009 paratu
348 1956 563 1997 minorum
607 1953 1032 2005 anastomosantium,
1077 1967 1170 2007 quae
1210 1967 1236 1994 a
1279 1952 1443 1994 cellulis
1488 1952 1673 1994 axilibus

146 2025 484 2080 angustioribus,
516 2022 715 2065 cellulam
761 2022 1087 2066 subdistinctam
1131 2021 1359 2063 centralem
1406 2022 1674 2075 cingentibus

146 2094 370 2147 provenire
400 2092 618 2142 videntum
666 2090 828 2133 cellulae
865 2090 1088 2132 corticales
1134 2091 1318 2139 minutae,
1350 2090 1393 2130 in
1425 2089 1498 2130 fila
1528 2090 1675 2132 brevia

146 2160 366 2203 verticalia
396 2161 654 2215 conjunctae3
677 2173 772 2213 quae
794 2159 937 2201 omnia
968 2159 1010 2199 in
1041 2158 1261 2212 speciebus
1292 2156 1537 2212 Mychodeae
1570 2172 1674 2212 quo-

147 2243 231 2284 que
261 2229 451 2271 invenire
482 2227 593 2270 licet.
653 2227 740 2269 Nec
784 2227 1013 2270 admodum
1059 2226 1219 2268 distant
1253 2226 1539 2280 cystocarpia3
1585 2226 1674 2268 haec

146 2300 191 2340 in
222 2298 413 2350 ramulis,
446 2298 659 2351 praecipue
692 2310 717 2338 a
747 2297 878 2338 ramis
909 2296 1117 2338 truncatis
1158 2294 1497 2350 prolificantibus
1527 2295 1571 2336 in
1601 2310 1675 2337 no-

147 2371 239 2410 stra
275 2366 382 2418 vidi3
423 2370 523 2408 sunt
552 2366 597 2406 in
627 2364 766 2407 medio
797 2364 963 2406 ramulo
994 2363 1107 2405 infra
1143 2364 1306 2417 apicem
1345 2363 1517 2405 brevem
1561 2363 1674 2405 intu-

148 2436 392 2486 mescentia,
424 2436 540 2477 intra
568 2435 855 2489 pericarpium
886 2434 1090 2485 clausum,
1122 2432 1284 2475 cellulis
1315 2432 1509 2486 oblongis
1540 2433 1674 2474 mino-

151 2505 283 2555 ribus,
315 2504 592 2546 interioribus
623 2502 970 2546 subconcentrice
1007 2502 1224 2555 dispositis
1254 2500 1497 2551 formatum,
1529 2500 1674 2541 nucle-

151 2572 241 2614 olos
262 2572 470 2626 plurimos
490 2572 763 2614 continentia.
805 2569 995 2612 Nucleoli
1018 2569 1395 2612 transformatione
1423 2568 1676 2610 cellularum

149 2641 314 2684 frondis
359 2642 421 2683 ita
466 2640 640 2683 formati
685 2640 895 2691 videntur,
934 2643 982 2681 ut
1021 2639 1185 2681 cellulae
1215 2637 1396 2692 majores
1428 2637 1472 2678 in
1503 2636 1674 2678 locellos

150 2713 470 2761 convertuntur,
502 2709 576 2763 qui
605 2708 836 2763 gemmidia
866 2719 892 2749 a
912 2707 1146 2761 parietibus
1177 2705 1452 2748 circumcirca
1478 2705 1678 2747 exeuntia

151 2779 388 2829 continent3
420 2776 674 2831 placentulae
712 2777 773 2818 ita
803 2775 1061 2818 reticulatim
1091 2775 1322 2829 conjunctae
1366 2773 1560 2826 plurimae
1593 2774 1675 2815 ori-

152 2850 296 2898 untur,
329 2859 673 2899 quoquoversum
704 2844 935 2898 gemmidia
964 2844 1131 2886 minuta
1151 2842 1401 2898 pyriformia
1421 2841 1675 2884 emittentes.
