1757 3114
85 133 357 176 Galaxaura.
624 130 1050 172 HELMINTHOCLADIAC
1059 144 1126 170 Erit.
1517 169 1520 173 ,
1535 129 1606 169 52]

80 248 167 289 cies
213 247 421 301 Algarum
467 245 671 296 scribens,
718 244 947 298 Liagoram
992 241 1403 284 Helminthocladeis
1449 240 1617 282 affinem

80 315 192 357 inter
223 315 443 357 Florideas
475 314 678 368 disposui,
701 313 874 355 exclusa
895 311 1156 363 Galaxaura,
1179 312 1300 366 cujus
1321 310 1486 351 fructus
1508 310 1613 350 inihi

81 388 183 425 tunc
213 384 419 437 temporis
451 383 592 424 adhuc
623 382 759 435 ignoti
790 381 977 422 fuerunt.
1018 379 1176 420 Postea
1206 379 1387 432 Harvey,
1419 377 1618 431 pluribus

80 453 123 494 in
154 452 245 493 vivo
277 452 512 493 observatis
544 452 778 505 speciebus7
801 448 1094 491 Galaxauram
1116 446 1530 490 Helininthocladeis
1551 460 1619 488 re-

82 519 182 561 tulit
212 518 404 573 (Phyeol.
437 524 571 561 austr.
602 519 684 561 tab.
728 519 804 558 136
837 520 875 558 et
904 516 960 558 al.
958 515 1166 572 ),f1·uetus
1198 520 1344 557 tamen
1365 514 1506 556 adhuc
1538 514 1618 555 sibi

81 589 249 643 ignotos
281 588 639 648 animadvertens.
701 588 750 629 In
781 585 1088 638 iconographia
1134 584 1345 626 adriatica
1387 582 1619 624 Zanardini

85 656 256 698 demum
287 657 512 710 utriusque
544 656 710 697 fructus
747 654 865 696 dedit
904 653 1233 706 descriptionem
1265 656 1307 694 et
1337 653 1479 693 icones
1516 664 1619 692 ana-

85 725 249 780 lyticas,
281 738 332 766 ex
363 725 519 779 quibus
551 724 843 766 Galaxauram
866 722 980 763 omni
997 721 1096 775 jure
1120 720 1530 762 Helminthocladeis
1553 733 1619 761 re—

85 793 218 835 latam
248 792 392 843 fuisse,
425 792 679 835 concludere
710 792 870 833 liceret.
931 790 1048 830 Inter
1094 790 1407 831 recentissimos
1453 790 1620 843 opinio-

86 875 183 904 nem
214 862 393 904 eandem
425 862 486 903 ita
516 866 719 916 agnotam
749 861 846 911 vidi,
877 863 926 901 ut
947 859 1209 909 Galaxaura,
1237 860 1514 914 juxtapositis
1536 860 1619 901 Ba-

86 931 408 985 trachospermo
431 935 473 972 et
495 930 712 981 Lemania,
736 928 1144 972 Helminthocladeis
1161 929 1472 970 admnneratur
1491 929 1622 983 (Gru-

87 1013 181 1043 now
214 1001 395 1042 Novam
416 1013 463 1052 p.
498 1000 584 1054 76).

198 1068 456 1110 Galaxaurae
489 1068 649 1121 species
694 1068 798 1109 mihi
849 1069 1008 1109 iterum
1061 1067 1307 1120 iterumque
1358 1066 1622 1108 examinanti

87 1152 195 1180 nova
240 1143 505 1180 emerserunt
552 1138 694 1180 dubia.
755 1139 803 1179 In
849 1138 1078 1191 specimine
1116 1152 1137 1178 e
1169 1136 1273 1178 Port
1318 1136 1459 1187 Natal,
1507 1136 1622 1190 quod

87 1206 381 1249 Galaxauram
426 1207 747 1260 Diesingianam
793 1207 963 1248 omnino
1009 1206 1134 1256 sistit,
1182 1206 1331 1247 eadem
1369 1204 1625 1258 corpuscula

87 1275 373 1329 superficialia
404 1275 537 1325 video,
570 1289 665 1329 quae
696 1281 745 1316 ut
775 1276 1095 1329 sphaerosporas
1125 1274 1349 1315 cruciatim
1371 1274 1529 1315 divisas
1551 1274 1624 1315 de-

88 1345 258 1398 scripsit
288 1344 533 1385 Zanardini.
592 1345 852 1386 Divisionem
884 1345 1102 1399 quandam
1135 1342 1301 1385 cellulae
1332 1343 1506 1397 majoris
1538 1346 1624 1384 tei·-

87 1413 272 1462 minalis,
314 1413 659 1467 sphaerosporam
704 1414 930 1455 cruciatim
977 1413 1155 1455 divisam
1201 1413 1489 1459 mentientem,
1536 1411 1625 1464 ipse

89 1497 259 1537 quoque
291 1483 387 1524 vidi.
429 1483 478 1524 In
509 1484 737 1537 specimine
769 1483 992 1525 Natalensi
1022 1482 1219 1524 frondem
1253 1482 1367 1523 intra
1387 1481 1626 1534 marginem

89 1552 213 1605 quasi
243 1551 286 1592 in
317 1550 554 1593 alterutera
598 1552 758 1605 pagina
788 1551 1012 1599 bullatam,
1045 1555 1088 1592 et
1118 1550 1184 1591 his
1223 1550 1326 1591 locis
1358 1548 1625 1602 corpuscula,

89 1634 184 1674 quae
216 1619 450 1661 Zanardini
481 1620 524 1660 in
558 1624 694 1661 strato
737 1619 1054 1661 nemathecioso
1100 1617 1410 1660 maculaeforrni
1455 1617 1627 1658 evoluta

90 1688 363 1742 nuncapavit,
395 1688 609 1741 praecipue
641 1688 779 1739 vide03
812 1692 858 1729 at
879 1687 974 1729 aliis
996 1687 1111 1731 locis.
1136 1687 1290 1739 saepius
1313 1686 1451 1731 nudis„
1476 1698 1628 1738 sparsa

92 1761 135 1799 et
164 1757 372 1810 pauciora
401 1756 536 1798 video.
577 1756 792 1798 Juvenilia
823 1756 1057 1810 specimina
1088 1756 1137 1797 G.
1161 1755 1414 1807 marginatae
1444 1754 1486 1808 (e
1509 1753 1628 1794 Nova

90 1825 341 1877 Hollandia)
374 1825 636 1867 examinanti
681 1825 798 1870 mihi,
845 1829 938 1866 tota
977 1824 1223 1877 superficies
1255 1823 1319 1864 his
1350 1822 1524 1876 organis
1557 1835 1627 1863 ex-

90 1898 210 1935 terne
243 1898 359 1935 tecta
390 1907 481 1935 sese
519 1893 694 1944 obtulit3
727 1893 926 1934 nimirum
951 1892 1036 1934 vidi
1058 1896 1180 1934 extra
1211 1896 1397 1933 stratum
1428 1890 1627 1944 periphe-

90 1963 227 2005 ricum
265 1963 487 2016 proprium
526 1962 599 2003 fila
630 1962 754 2015 quasi
786 1961 1171 2016 glandulaeformia,
1204 1960 1481 2015 {equi-longa,
1531 1960 1627 2001 bre-

90 2032 263 2074 vissima
293 2036 335 2072 et
365 2031 759 2085 pauci-articulata,
794 2030 976 2071 articulo
1015 2028 1230 2071 terminali
1272 2042 1404 2082 supra
1440 2028 1628 2081 stipitem

95 2100 335 2142 tenuiorem
367 2100 529 2153 majore
561 2100 649 2141 fere
681 2102 871 2150 obovatQ
905 2112 1016 2140 nunc
1047 2098 1257 2152 perducta
1288 2097 1493 2138 divisione
1525 2097 1629 2137 arti-

93 2169 199 2210 culis
245 2168 453 2222 ejusmodi
500 2168 679 2221 geminis
712 2168 754 2208 in
786 2167 933 2209 eodem
972 2167 1116 2220 stipite
1161 2166 1457 2220 praesentibus.
1518 2165 1627 2215 Quid

93 2237 178 2279 sint
208 2237 297 2278 haec
331 2250 494 2290 organa
523 2250 636 2290 aegre
673 2250 775 2277 sane
820 2236 988 2276 (licitur.
1049 2235 1157 2277 Sunt
1202 2235 1361 2285 forsan,
1408 2236 1628 2287 praeeunte

95 2306 306 2349 Solandro
338 2306 454 2359 apud
484 2305 694 2351 Ellisium,
727 2306 800 2359 qui
831 2305 1022 2354 credunt,
1069 2305 1159 2346 haec
1198 2317 1349 2346 revera
1380 2317 1470 2344 esse
1503 2303 1629 2343 strati

94 2375 352 2429 peripherici
379 2374 580 2428 juvenilis
611 2375 750 2427 prima
780 2374 925 2425 initia3
958 2374 1156 2414 nimirum
1190 2372 1264 2413 fila
1295 2372 1442 2413 brevia
1472 2371 1629 2412 sensim

98 2443 352 2484 densissima
398 2442 578 2483 evadere
618 2446 659 2483 et
698 2443 912 2496 contigua,
946 2447 1075 2495 atque
1121 2445 1271 2482 mutua
1316 2439 1629 2492 compressione

97 2512 254 2555 sensim
285 2512 326 2553 in
368 2515 553 2553 stratum
599 2510 1169 2564 subhexagono-areolatum
1215 2509 1466 2557 coalescere,
1514 2507 1629 2560 quod

96 2581 141 2623 in
186 2580 334 2634 planta
379 2579 501 2621 senili
532 2583 579 2620 ut
616 2580 868 2622 membrana
913 2580 1027 2621 nuda
1072 2578 1372 2632 conspiciatur.
1435 2575 1500 2617 An
1546 2575 1629 2617 alio

98 2653 291 2702 tempore
322 2648 630 2701 sphaerosporae
662 2649 846 2702 propriae
884 2649 997 2689 intra
1036 2646 1213 2687 cellulas
1251 2645 1500 2687 terminales
1531 2659 1629 2698 pro-

98 2718 303 2763 venirent,
336 2716 439 2757 mihi
471 2716 624 2757 saltem
655 2717 769 2758 haud
801 2721 965 2758 certum
998 2716 1176 2756 videtur.
1238 2713 1369 2755 Senili
1399 2717 1525 2755 aetate
1557 2712 1630 2754 fila

97 2785 246 2829 brevia
277 2784 650 2838 glandulaeformia
681 2784 861 2826 deficere
893 2787 1055 2824 certum
1090 2787 1165 2824 est.
