1757 3114
1561 128 1637 170 691

107 232 295 277 radicans,
322 233 496 277 superior
520 232 734 275 fructifera;
761 245 782 267 a
806 234 1001 268 radicante
1028 238 1135 279 parte
1161 238 1406 284 centrifugali
1432 239 1641 276 directione

107 290 322 324 increscere
362 290 527 334 videtur,
565 290 712 324 laciniis
752 292 1060 325 excrescentibus
1098 296 1308 329 recurvatis
1335 307 1400 331 suo
1426 298 1558 331 ordine
1584 310 1641 332 ra-

107 347 324 381 dicantibus
372 350 411 380 et
455 359 590 382 novam
637 348 782 391 prolem
826 348 1111 392 generantibus.
1177 351 1372 398 Margines
1417 355 1642 389 denticulati

107 405 223 449 crispi
249 407 289 439 et
313 404 587 448 prolificantes,
622 404 825 438 denticulis
863 408 941 438 tum
981 406 1063 439 aliis
1102 409 1338 454 corporibus,
1377 414 1455 445 tum
1495 413 1641 446 laciniis

108 462 244 497 vicinis
279 466 588 499 concrescentes:
615 462 749 505 quibus
776 462 949 497 omnibus
978 463 1142 507 (laciniis
1180 468 1404 512 recurvatis,
1443 470 1577 514 crispis
1605 476 1642 504 et

106 519 458 563 concrescentibus)
495 519 539 554 fit
581 522 622 553 ut
659 519 867 564 specimina
904 521 1104 565 aegerrime
1147 523 1243 558 bene
1282 525 1541 563 exsiccantur:
1580 539 1643 562 ex-

107 577 247 612 siccata
281 578 423 612 chartae
461 577 525 611 vix
562 577 761 611 adhaerent
785 576 858 611 nisi
885 577 1012 612 forsan
1038 579 1184 615 laciniis
1213 582 1492 625 pullulantibus
1520 585 1643 618 tenui-

107 633 248 669 oribus.
282 633 527 678 Cystocarpia
551 644 758 678 permagna
783 646 897 678 supra
914 635 1090 680 paginam
1108 648 1253 672 emersa
1272 639 1642 685 depresso-globosa,

108 689 307 735 superficie
333 689 536 733 inaequalia
562 691 1005 736 subverrucosa-rugosa.
1056 692 1313 739 Pericarpium
1340 700 1492 731 constat
1511 697 1641 732 stratis

108 747 253 782 duobus
279 747 444 790 frondis3
470 747 573 781 intra
597 746 661 781 fila
687 747 871 782 verticala
898 749 1009 782 strati
1035 750 1224 785 corticalis
1263 753 1412 787 cellulae
1439 754 1641 789 interiores

108 806 246 840 adsunt
271 806 444 851 plurimae
471 809 509 840 at
535 806 653 840 multo
678 806 844 840 minores
870 818 979 849 quam
1006 807 1044 840 in
1072 809 1195 842 sterili
1213 809 1359 853 fronde,
1380 814 1418 845 et
1436 811 1641 847 introrsum

107 862 147 896 in
174 865 335 896 stratum
362 863 511 898 filorum
544 862 888 896 intercellularium
925 863 1124 898 admodum
1164 866 1354 900 evolutum
1390 869 1640 903 transeuntia.

108 920 229 954 Extra
254 920 427 954 nucleum
454 920 534 954 haec
561 920 624 954 fila
651 923 812 954 stratum
837 920 1032 965 proprium
1065 921 1223 956 densum
1255 922 1436 961 efficiunt:
1469 925 1550 970 ipse
1576 938 1641 959 nu-

107 978 211 1012 cleus
239 977 422 1022 ejusmodi
448 977 522 1011 filis
549 977 721 1022 plurimis
749 978 910 1012 evolutis
937 978 1089 1012 formari
1116 979 1280 1013 videtur.
1315 980 1484 1016 Nucleoli
1512 986 1642 1017 rotun-

109 1035 187 1069 dati
208 1035 265 1069 his
285 1046 430 1079 quoque
449 1034 522 1068 filis
543 1037 781 1079 separantur,
800 1034 920 1078 iisque
940 1034 1064 1068 adfixa
1081 1035 1144 1069 fila
1163 1038 1403 1081 praegnantia
1421 1039 1639 1082 adpareant.

109 1092 322 1126 Gemmidia
346 1092 385 1125 in
411 1091 485 1126 filis
523 1091 814 1137 praegnantibus
853 1091 1152 1126 subfasciculatis
1181 1096 1216 1126 et
1245 1094 1456 1128 articulatis
1487 1095 1642 1129 formari

107 1149 299 1192 videntur,
327 1148 586 1183 subdivisione
612 1148 877 1186 articulorum:
905 1149 1053 1182 demum
1082 1152 1170 1183 sunt
1189 1149 1269 1184 sine
1289 1151 1421 1185 ordine
1440 1152 1641 1197 conspicuo

105 1207 344 1251 conglobata.
396 1205 683 1250 Sphaerosporas
712 1208 770 1240 sat
795 1206 1005 1251 elongatas‚
1031 1206 1228 1240 cruciatim
1253 1207 1292 1240 in
1318 1211 1446 1252 partes
1472 1210 1494 1242 4
1511 1210 1640 1244 oblon—

106 1275 173 1309 gas
201 1264 428 1306 subdivisae,
456 1264 557 1298 inter
583 1263 647 1298 fila
679 1264 793 1298 strati
831 1264 1023 1298 corticalis
1061 1276 1193 1309 parum
1230 1269 1387 1309 mutata,
1425 1266 1640 1301 nidulantes

105 1320 318 1355 observavi.
367 1320 414 1355 Ni
439 1320 562 1365 fallor,
589 1321 669 1355 haec
695 1332 841 1365 quoque
865 1320 904 1355 in
930 1321 1066 1366 pagina
1094 1321 1287 1366 superiore
1325 1326 1471 1357 tantum
1509 1335 1640 1369 prove-

103 1377 226 1411 niunt.
711 1377 719 1381 “

106 1471 144 1511 2.
175 1470 272 1511 ECT.
305 1484 541 1511 mcuo'rOMA
572 1471 636 1523 (J.
669 1472 749 1524 Ay.
783 1474 928 1528 mser.)
959 1472 1124 1514 frondis
1156 1487 1181 1513 a
1212 1477 1335 1527 parte
1367 1475 1546 1516 centrali
1568 1476 1640 1517 de-

220 1539 447 1580 cumbente
478 1539 777 1581 adscendentis
809 1541 975 1582 laciniis
1007 1541 1274 1595 prolongatis
1297 1543 1639 1597 subregulariter

219 1607 488 1658 dichotomis,
521 1608 639 1661 apice
671 1609 896 1650 latioribus
934 1610 1205 1651 obtusissime
1237 1611 1493 1663 rotundatis,
1526 1627 1639 1654 mar-

222 1676 389 1729 ginibus
421 1676 709 1730 inaequalibus
745 1678 1214 1732 subundato-crispulis
1247 1680 1314 1721 hic
1345 1680 1434 1722 illic
1466 1696 1637 1724 concre-

221 1746 449 1797 scentibus,
497 1746 782 1799 processubus
834 1748 1146 1800 marginalibus
1200 1749 1338 1790 acutis
1392 1749 1519 1792 nullis
1565 1755 1640 1793 aut

216 1814 510 1867 sparsissimis‚
543 1814 753 1856 fructibus
788 1847 794 1854 .
829 1846 837 1854 .
872 1848 879 1856 .
912 1849 920 1856 .

273 1882 383 1924 Hab.
417 1883 472 1923 ad
504 1897 600 1924 oras
633 1882 760 1924 Novae
792 1883 1006 1925 Zelandiae
1039 1886 1330 1940 (sserggrenl).

193 1963 313 2007 Hujus
339 1963 491 1997 unicum
520 1963 711 2008 specimen
738 1967 776 1997 et
801 1963 1016 2009 fragmenta
1045 1966 1216 2009 quaedam
1250 1978 1371 2001 coram
1400 1967 1528 2011 habui,
1554 1979 1637 2012 quae

104 2021 363 2056 subdivisione
389 2021 534 2055 frondis
562 2032 582 2054 a
608 2021 734 2064 priore
761 2021 961 2056 admodum
987 2022 1140 2057 diversa
1158 2023 1398 2059 viderentur:
1424 2036 1559 2059 revera
1577 2036 1638 2059 au-

102 2081 178 2112 tem
206 2079 406 2112 admodum
431 2077 655 2123 propinqua.
704 2078 825 2113 Frons
852 2078 890 2113 in
916 2080 1058 2115 nostris
1086 2080 1244 2115 dilutius
1271 2093 1381 2116 rosea
1406 2085 1444 2115 et
1463 2083 1636 2116 substan-

102 2135 156 2170 tia
180 2136 300 2181 magis
327 2135 553 2181 gelatinosa‚
579 2147 695 2179 quare
722 2135 864 2170 charla}
893 2137 1106 2171 arctissime
1132 2137 1316 2173 adhaeret.
1366 2138 1542 2173 Nostram
1563 2142 1636 2173 ste-

102 2193 211 2227 rilem
238 2195 387 2227 tantum
414 2193 504 2228 vidi.

192 2250 235 2283 In
260 2249 320 2284 Fl.
345 2249 460 2284 Novae
488 2250 680 2285 Zelandiae
707 2263 743 2295 p.
775 2252 853 2294 250,
890 2251 1041 2286 nomine
1080 2252 1250 2297 Calloph.
1279 2255 1464 2297 asperata,
1492 2252 1636 2297 species

100 2306 194 2340 mihi
218 2306 352 2352 ignota
379 2306 621 2352 describitur,
648 2319 730 2351 quae
768 2308 895 2342 forsan
934 2319 1019 2342 cum
1057 2312 1188 2343 nostra
1224 2309 1437 2343 conveniat.
1486 2309 1637 2354 Harvey

101 2364 147 2398 de
175 2375 242 2398 sua
267 2364 366 2398 dixit
390 2363 567 2398 laminam
594 2376 676 2399 esse
705 2376 805 2409 saepe
832 2364 1073 2409 processibus
1111 2364 1372 2399 ciliiformibus
1408 2369 1636 2410 asperatam,

102 2422 201 2466 quod
226 2434 300 2456 non
325 2423 422 2457 bene
448 2422 488 2456 in
513 2425 682 2457 nostram
710 2423 884 2467 quadrat.
921 2421 1167 2467 Cystocarpia
1191 2426 1380 2467 praeterea
1404 2423 1443 2457 in
1470 2422 1509 2457 C.
1529 2434 1635 2467 aspe-

100 2482 185 2514 rata
209 2480 314 2514 disco
339 2479 484 2514 frondis
511 2479 690 2514 immersa
721 2479 950 2515 observavit.
997 2480 1057 2513 An
1082 2479 1214 2524 planta
1249 2479 1474 2523 Harveyana
1510 2479 1634 2525 potius

100 2549 183 2571 cum
211 2537 485 2582 Chrysymenia
510 2537 732 2582 apiculifera
757 2537 991 2573 conferatur.

101 2620 157 2661 ad
187 2633 284 2673 pag.
317 2620 399 2660 284
429 2623 477 2660 ut
509 2633 618 2660 nova
649 2620 809 2673 species
841 2619 873 2660 T
878 2618 1188 2673 hylanocladiae
1219 2619 1457 2659 inseratur:

101 2721 455 2763 THYSANOCLADIA
488 2720 695 2763 Conuusoi
725 2722 964 2775 (Priomtis
997 2720 1188 2763 Colensoi
1218 2733 1353 2773 supra
1388 2734 1487 2774 pay.
1520 2722 1634 2775 284).

190 2801 466 2845 Fragmentum
492 2801 759 2845 capsuliferum
798 2801 909 2845 hujus
948 2800 1088 2845 speciei
1127 2801 1275 2834 demum
1303 2800 1431 2834 videre
1459 2801 1634 2845 contigit,

101 2859 200 2902 quod
227 2858 461 2902 suspiciones
489 2869 604 2902 supra
630 2858 765 2892 allatas
792 2859 837 2892 de
864 2858 1044 2892 affinitate
1070 2858 1211 2902 plantae
1239 2857 1363 2893 dubiae
1390 2858 1633 2893 corroborare

1439 2914 1502 2946 442³<
