1762 3036
122 163 197 204 122
679 160 1077 203 CRYPTONEMIACEAE.
1342 161 1652 216 Schizymenia.

229 278 370 327 neata,
403 289 587 330 superne
619 275 903 318 subtruncata
933 278 976 316 et
1006 275 1049 316 in
1078 274 1258 317 lacinias
1287 275 1429 317 forma
1450 275 1653 318 subinde-

227 343 373 385 finitas
416 357 522 397 vage
562 344 710 395 divisa,
750 343 1029 399 cystocarpiis
1064 344 1242 385 minutis
1283 359 1360 398 per
1396 348 1533 386 totam
1563 344 1654 387 fere

229 412 497 466 superficiem
529 413 704 466 sparsis.

378 492 489 534 Hab.
521 492 576 534 ad
607 507 761 535 novam
791 493 1056 535 Zelandiam.

206 570 349 606 Habitu
374 582 481 615 aeque
512 582 554 606 ac
581 574 774 607 structura
803 584 824 606 a
847 571 961 606 Pach.
989 572 1170 607 laciniata
1195 572 1357 607 diversa.
1384 573 1507 609 Frons
1533 575 1653 609 multo

115 626 279 671 tenuior,
307 627 448 662 chartae
476 631 580 664 arcte
607 629 819 664 adhaerens.
871 629 1040 664 Stratum
1066 629 1248 664 corticale
1275 641 1422 674 quoque
1448 631 1569 666 multo
1586 631 1653 665 mi-

115 698 185 721 nus
213 687 418 730 evolutum,
449 686 524 722 filis
550 687 798 722 verticalibus
825 688 948 722 multo
972 687 1224 723 brevioribus.
1271 687 1552 733 Sphaerosporae
1579 700 1656 722 ma-

114 743 174 789 gis
201 755 343 789 sparsae
370 743 612 779 rotundiores
638 744 717 779 fere
744 745 993 790 ellipsoideae.
1023 744 1268 790 Cystocarpia
1293 745 1465 780 Generis.

116 837 152 877 6.
185 834 280 877 Son.
312 847 496 876 CORDATA
526 835 594 891 (J.
633 835 715 890 Ay.
762 836 858 878 Act.
897 836 1040 879 Holm.
1082 837 1189 879 1849
1212 852 1260 891 p.
1294 838 1368 894 85)
1399 837 1554 880 fronde
1585 852 1655 880 ro-

227 917 543 958 seo-purpurea
579 905 908 947 membranacea
955 919 981 946 a
1014 905 1159 959 stipite
1191 906 1311 948 brevi
1341 907 1559 948 cuneatim
1591 906 1655 948 di-

226 971 366 1013 latata
400 972 445 1013 in
482 973 689 1014 laminam
735 974 1119 1030 cordato-ovatam,
1150 975 1654 1029 subpalmato-lobatam,

226 1040 422 1094 margine
461 1040 604 1095 amplo
650 1041 918 1092 undulatam,
958 1043 1237 1096 cystocarpiis
1277 1044 1455 1086 minutis
1485 1058 1562 1099 per
1591 1048 1655 1086 to—

230 1111 321 1149 tam
353 1108 622 1162 superficiem
660 1109 834 1162 sparsis.
895 1110 940 1153 J.
974 1110 1055 1163 As]-
1091 1111 1162 1164 Sp.
1186 1126 1234 1165 p.
1269 1114 1360 1154 176.
1392 1113 1503 1155 Irid.
1536 1112 1657 1166 ellip-

227 1177 448 1219 ticaKute.
489 1178 570 1220 tab.
608 1177 735 1232 Plzyc.
781 1178 870 1220 Vol.
907 1178 1073 1221 XVII.
1108 1180 1191 1222 tab.
1224 1180 1276 1221 4?

377 1258 428 1300 111
459 1258 788 1301 mediterraneo.

111 1362 150 1403 7.
181 1360 278 1403 Son.
310 1374 442 1402 MINOR
472 1361 539 1417 (J.
571 1361 653 1415 Ay.
685 1361 783 1416 Azy.
806 1363 914 1405 med.
931 1376 980 1416 p.
1009 1364 1083 1419 90)
1106 1363 1251 1417 stipite
1273 1364 1390 1406 brevi
1412 1378 1656 1419 compresso

226 1430 271 1471 in
299 1429 498 1471 frondem
529 1429 617 1472 late
648 1434 877 1472 cuneatam
908 1431 1103 1485 margine
1125 1431 1483 1484 subcrenulatam‚
1505 1447 1657 1475 carno-

229 1512 335 1540 sam.
381 1512 647 1552 purpuream
693 1498 879 1554 denique
924 1499 1226 1554 iiregulariter
1270 1500 1416 1542 fissam
1457 1514 1657 1555 expanso,

229 1569 507 1623 cystocarpiis
553 1572 723 1622 partem
764 1569 1031 1623 superiorem
1061 1569 1228 1611 frondis
1262 1570 1652 1624 occupantibus]

227 1636 308 1692 Ag]
345 1637 487 1691 Spp.
528 1639 619 1679 172.
652 1638 846 1681 Zamam.
894 1639 1010 1681 leon.
1049 1638 1223 1681 Adricct.
1256 1640 1339 1681 tab.
1369 1638 1502 1681 LXII.
1544 1639 1658 1681 [rid.

228 1707 480 1760 Montaynei
525 1706 648 1761 Bory
686 1722 732 1749 m
777 1706 914 1749 Mont.
971 1707 1041 1749 Fl.
1087 1707 1159 1749 ΑΖ
1146 1723 1184 1761 J
1223 1721 1271 1761 p.
1321 1708 1400 1749 124
1445 1708 1526 1749 tab,
1576 1706 1658 1748 12.2

229 1774 398 1817 Nostrae
430 1774 598 1817 nullum
631 1776 847 1829 specimen
878 1775 1040 1818 chartae
1073 1775 1283 1817 adnatum
1315 1776 1415 1817 vidi.

284 1844 333 1885 In
365 1844 475 1887 mari
506 1844 825 1886 mediterraneo
858 1848 899 1886 et
930 1844 1137 1886 atlantico
1167 1844 1317 1886 vicino.

203 1925 247 1959 In
279 1925 460 1970 opusculo
498 1926 590 1967 (Die
626 1926 867 1970 meeresalyen
892 1926 955 1960 der
988 1925 1065 1960 Ins.
1100 1925 1204 1960 Sieil.
1231 1929 1266 1960 et
1290 1925 1402 1960 Pam.
1422 1936 1463 1969 p.
1492 1925 1550 1969 17)
1579 1924 1655 1959 Cel.

117 1983 381 2028 Langenheim
420 1984 672 2027 quaestionem
709 1983 828 2018 movit
867 1984 912 2017 de
950 1983 1168 2017 differentia
1205 1982 1291 2017 Sch.
1322 1982 1479 2017 minoris
1506 1986 1546 2016 et
1572 1982 1656 2016 sch.

114 2039 257 2084 Dubyi3
286 2042 325 2073 et
350 2039 466 2073 allata
491 2039 668 2085 opinione
694 2043 774 2074 tum
802 2039 1012 2085 Kiitzingii,
1039 2043 1118 2073 tum
1136 2039 1269 2084 ipsius,
1290 2038 1566 2082 Euhymeniam
1584 2039 1658 2072 Du-

114 2097 190 2141 byi,
216 2097 391 2131 Iridaeam
416 2096 639 2142 Montagnei
666 2100 704 2131 et
728 2097 904 2131 Iridaeam
936 2096 1158 2141 ellipticam,
1197 2096 1343 2141 species
1370 2096 1659 2141 Kutzingianas,

115 2167 197 2189 611111
222 2165 306 2189 mea
332 2153 451 2202 Schiz.
478 2154 623 2189 minore
649 2153 837 2188 identicas
873 2165 970 2197 esse,
1013 2152 1128 2187 nullis
1167 2152 1291 2187 dubiis
1319 2163 1452 2187 vacare
1480 2152 1657 2187 credidit.

115 2212 221 2256 Quod
246 2222 368 2246 meam
394 2211 561 2256 speciem
587 2211 740 2255 attinet,
767 2211 865 2245 dixit
897 2222 955 2245 me
988 2210 1112 2255 ipsum
1150 2209 1230 2254 (Sp.
1271 2209 1362 2244 Gen.
1390 2213 1424 2244 et
1453 2209 1542 2244 Ord.
1570 2209 1657 2254 Aly.

108 2281 149 2314 p.
177 2270 258 2313 172)
287 2268 585 2313 Schizymeniam
615 2268 799 2303 minorem
838 2280 921 2303 cum
952 2267 1090 2301 Iridaea
1123 2266 1270 2301 minore
1296 2266 1493 2311 Kii‘tzingii
1518 2266 1659 2300 identi-

115 2338 195 2361 cam
217 2326 421 2371 judicasse.
447 2325 543 2360 Pace
569 2337 657 2360 vero
685 2325 779 2360 Celti
804 2325 877 2359 viri
902 2325 1105 2360 observare
1131 2323 1224 2357 licet
1249 2325 1417 2357 nostram
1437 2323 1601 2367 speciem
1619 2323 1657 2357 in

114 2383 201 2428 Alg.
228 2383 364 2426 Medit,
391 2394 487 2418 anno
514 2383 602 2417 1842
629 2383 862 2428 descriptam
885 2382 1023 2422 fuisse;
1050 2379 1296 2425 Kiitzingium
1324 2379 1426 2423 dein,
1452 2391 1550 2414 anno
1571 2380 1658 2414 1849

116 2439 269 2484 Species
303 2440 484 2486 Algarum
510 2439 754 2483 scribentem,
782 2443 953 2474 nostrum
986 2450 1123 2474 nomen
1161 2449 1236 2472 suae
1269 2438 1411 2483 plantae
1437 2437 1656 2481 adoptasse;

116 2509 175 2531 me
202 2498 290 2532 dein
318 2499 406 2532 1852
432 2498 502 2532 hac
520 2497 748 2533 auctoritate
768 2498 1009 2543 Synonymon
1027 2495 1323 2542 Kiitzingianum
1344 2497 1411 2531 sub
1430 2506 1513 2529 mea
1531 2495 1656 2540 specie

117 2554 307 2589 attulisse.
356 2554 604 2600 Kiitzingium
640 2555 783 2599 itaque,
818 2567 886 2589 nec
911 2566 983 2598 me,
1010 2558 1208 2597 utramque
1244 2554 1413 2598 plantam
1448 2552 1655 2587 identicam

115 2612 288 2657 posuisse
326 2615 445 2657 patet.
495 2612 538 2646 In
576 2623 689 2657 opere
726 2610 1017 2657 Langenheimii
1042 2610 1154 2645 hodie
1192 2610 1397 2645 confitetur
1422 2609 1588 2654 Kiitzing
1615 2621 1654 2643 se
1690 2605 1692 2607 ¹

116 2671 261 2704 nullum
294 2670 487 2715 specimen
524 2673 667 2704 nostrae
693 2671 832 2714 plantae
861 2669 1021 2711 vidisse3
1049 2680 1153 2703 suam
1179 2669 1343 2702 Irideam
1368 2667 1552 2702 minorem
1578 2667 1654 2701 evi-

117 2726 341 2761 dentissime
379 2738 400 2761 a
435 2728 568 2772 planta
601 2726 826 2761 Ardissonei
853 2725 1028 2770 (’'Schitz.
1056 2724 1220 2769 Dubyi’⁷)
1248 2728 1441 2759 structura
1465 2724 1653 2758 diversam

118 2795 215 2827 esse,
243 2786 282 2818 et
306 2785 427 2819 multo
452 2784 573 2829 magis
601 2796 683 2818 611111
711 2795 777 2817 sua
802 2782 1038 2826 Euhymenia
1063 2781 1184 2816 divisa
1216 2781 1472 2826 (Kallymenia
1496 2780 1653 2815 16111161-

117 2841 204 2886 11115)
232 2842 452 2878 convenire:
479 2845 624 2885 contra,
651 2841 835 2885 Schizym.
862 2840 985 2884 Duhyi
1010 2840 1103 2873 Ard.
1132 2851 1213 2873 cum
1241 2839 1387 2883 Euhym
1401 2838 1525 2882 Dubyi
1543 2838 1653 2872 Kiitz.

118 2901 158 2933 et
182 2910 264 2933 cum
291 2898 427 2934 Iridaea
453 2897 624 2943 elliptica
642 2901 837 2932 structura
853 2908 1081 2943 cong1·ue1·c;
1102 2895 1265 2940 denique
1284 2907 1323 2930 se
1337 2895 1461 2940 ipsum
1478 2894 1653 2929 Iridaeam
