1757 3114
78 100 282 152 Liayora.
587 94 625 136 H
631 103 1089 135 ELMINTHOCLADIACEAE.
1527 90 1606 130 515

189 211 255 252 Ad
286 223 348 259 ea,
381 222 475 262 quae
508 207 678 261 Species
701 206 908 260 Algarum
929 203 1119 246 scribens
1151 204 1203 245 de
1234 203 1443 257 Liagorae
1472 206 1608 245 struc-

77 283 191 330 tura,
221 279 366 320 fructu
396 281 438 318 et
459 276 736 317 affinitatibus
758 272 897 323 attuli,
929 271 1018 313 fere
1049 271 1155 312 nihil
1186 271 1313 313 hodie
1345 271 1504 313 addere
1534 286 1609 325 po-

78 348 247 389 tuerim.
308 345 394 386 Nec
432 345 475 385 in
519 344 642 385 libris
689 342 871 383 aliorum
916 339 1079 394 aliquid
1126 339 1305 381 allatum
1351 339 1450 391 vidi,
1497 340 1611 394 quod

80 417 212 458 dubia
243 419 285 457 et
315 414 418 456 mihi
450 414 632 455 obscura
663 411 813 453 tollere
845 409 1083 451 valuerunt.
1133 409 1351 450 Incertum
1382 412 1527 450 manet
1557 422 1608 449 an

81 485 391 538 sphaerosporae
425 482 581 524 adsint.
642 479 853 534 Equidem
884 478 927 519 in
958 476 1122 518 cellulis
1153 477 1433 531 periphericis
1456 477 1612 519 obova-

81 553 148 601 tis,
181 552 416 606 majoribus
447 555 488 592 et
517 550 655 604 magis
678 548 875 590 distentis
898 560 1027 601 quam
1049 547 1175 601 vulgo
1198 548 1441 600 obveniant,
1473 547 1612 602 sphae-

82 634 357 674 rosporarum
389 620 511 660 initia
547 617 780 672 aliquando
825 615 1065 669 suspicatus
1097 628 1204 664 sum,
1238 620 1282 656 at
1314 615 1434 658 nulla
1464 616 1612 659 subdi-

82 691 171 732 visa
202 688 299 730 vidi.

196 756 366 810 Species
397 755 542 808 plures
575 768 704 808 quam
734 753 800 794 fas
830 752 912 794 fuit
943 751 1089 793 forsan
1120 752 1424 803 distinxerunt,
1457 757 1499 795 et
1520 767 1614 807 quae

85 831 184 868 sunt
215 826 426 867 distinctae
459 823 782 865 characteribus
820 822 966 864 forsan
1006 822 1184 863 nimium
1214 821 1378 865 levibus
1411 836 1615 876 separan-

86 901 169 937 tur.
210 894 491 935 Characteres
524 892 698 946 majoris
729 891 933 933 momenti
964 891 1007 931 in
1039 890 1289 932 diversitate
1320 890 1491 932 filorum
1522 905 1615 933 ver-

85 964 277 1006 ticalium
309 962 458 1003 adesse
489 959 730 1011 crederem3
769 963 815 1001 at
844 959 909 1001 his
940 959 1136 1000 insistere
1169 959 1374 1011 dubitavi,
1407 959 1509 1001 dum
1541 961 1616 1002 ob·
1644 975 1648 980 ’

87 1046 259 1072 scnrum
290 1035 448 1081 manet,
489 1042 687 1084 quaenam
719 1030 803 1071 sint
848 1027 1100 1070 differentiae
1132 1029 1272 1070 aetatis
1305 1033 1345 1071 et
1377 1029 1618 1071 inchoantis

85 1099 441 1141 fructificationis.

86 1216 104 1236 ’³
141 1215 309 1257 Fronde
329 1214 429 1268 fcrc
459 1216 545 1255 tota
564 1213 661 1267 filis
691 1212 976 1266 pei-spherica
1021 1216 1143 1255 eastra
1179 1226 1301 1254 axem
1339 1214 1620 1256 2·22crustatmn

647 1282 871 1325 sufflibem‘s
902 1282 1052 1323 obsita.

91 1380 124 1419 1.
156 1377 201 1419 L.
234 1375 621 1430 CLIFTON1(Harv.
659 1375 791 1429 Phye.
831 1379 963 1417 austr.
1011 1376 1093 1418 tab.
1139 1376 1240 1431 275)
1286 1376 1437 1418 fronde
1482 1378 1621 1429 tereti,

206 1445 487 1488 exsiccatione
519 1444 801 1497 complanata,
833 1457 859 1484 a
890 1444 983 1486 basi
1013 1458 1183 1485 sursum
1215 1459 1368 1498 parum
1400 1449 1625 1488 attenuata

207 1514 500 1568 subpinnatim
532 1513 775 1554 dichotoma
805 1517 880 1554 aut
911 1513 1225 1568 subfastigiata„
1258 1529 1335 1568 per
1366 1518 1502 1556 totam
1532 1516 1624 1557 lon-

208 1582 444 1637 gitudinem
467 1582 605 1624 obsita
626 1580 709 1622 filis
729 1581 1009 1635 periphericis
1032 1585 1154 1624 extra
1186 1595 1308 1624 axem
1339 1583 1626 1624 incrustatum

209 1651 453 1701 subliberis,
497 1649 776 1691 inferioribus
822 1649 1095 1701 fasciculatis‚
1144 1650 1354 1704 supremis
1401 1652 1626 1705 contiguis,

209 1720 401 1773 apicibus
446 1718 664 1760 frondium
710 1718 993 1761 obtusissimis
1032 1733 1143 1760 nunc
1176 1719 1448 1762 subclavatis.
1487 1720 1626 1763 Gala-

208 1801 348 1829 xaura
379 1786 657 1843 (Macrothoe)
691 1785 873 1842 Clzftoni
905 1786 1040 1829 Harv.
1073 1802 1194 1830 mser.
1225 1792 1263 1830 et
1293 1788 1318 1830 l.
1348 1803 1379 1830 e.

210 1856 317 1897 Hab.
349 1856 404 1897 ad
449 1855 614 1897 Novam
662 1855 936 1897 Hollandiam
982 1856 1289 1898 occidentalem
1321 1861 1363 1898 et
1393 1858 1629 1900 australem

359 1924 462 1979 (Hb.
496 1924 720 1979 Harveyl).

185 2005 384 2040 Structura
399 2005 596 2050 Liagorae,
623 2016 692 2039 nec
711 2005 949 2040 Galaxaurae!
978 2005 1136 2041 Caeteris
1164 2007 1361 2051 speciebus
1382 2007 1553 2052 Liagorae
1572 2018 1631 2041 ro-

96 2064 257 2106 bustior,
284 2063 415 2098 habitu
439 2062 518 2096 fere
556 2063 681 2107 potius
719 2063 913 2107 cujusdam
951 2063 1183 2098 Nemalionis
1222 2075 1333 2107 quam
1371 2064 1558 2109 Liagorae,
1584 2065 1631 2098 ob

99 2120 162 2155 fiia
186 2120 428 2166 peripherica
453 2132 526 2155 non
552 2120 776 2164 incrustata,
803 2121 869 2155 sed
894 2120 1144 2155 fasciculatim
1170 2120 1209 2154 in
1242 2120 1409 2166 apiculos
1442 2121 1633 2166 prominu-

98 2180 154 2213 los
183 2182 292 2213 extra
317 2182 483 2212 crustam
509 2178 796 2223 infrajacentem
825 2179 1042 2223 conjuncta:
1068 2179 1107 2212 in
1133 2179 1305 2223 partibus
1320 2178 1553 2223 juvenilibus
1572 2178 1635 2212 fila

99 2236 177 2270 fere
216 2238 378 2270 stratum
414 2235 696 2280 periphericum
732 2236 951 2270 continuum
991 2235 1168 2270 efficiunt.
1219 2236 1260 2270 In
1288 2239 1406 2270 nostr.
1442 2246 1542 2279 spec.
1570 2235 1634 2268 alii

100 2294 195 2328 rami
222 2296 311 2327 sunt
337 2292 595 2337 subpinnatim
620 2293 659 2326 in
684 2293 839 2326 rachide
866 2293 1043 2337 elongata
1069 2292 1261 2337 dispositi,
1300 2292 1363 2325 alii
1402 2291 1634 2327 dichotomo-

101 2350 288 2396 fastigiati
325 2353 366 2383 ut
403 2349 442 2382 in
467 2348 573 2384 icone
598 2350 832 2394 Harveyana.
882 2349 965 2384 Fila
989 2349 1228 2395 peripherica
1253 2349 1362 2393 hujus
1390 2348 1529 2393 speciei
1549 2352 1638 2383 sunt

104 2407 303 2441 admodum
329 2407 498 2440 robusta.
547 2406 683 2450 Apices
711 2418 898 2441 ramorum
926 2406 1062 2440 eximie
1094 2406 1234 2450 obtusi,
1269 2405 1407 2450 saepius
1434 2407 1479 2441 ob
1507 2405 1634 2440 dicho-

104 2464 258 2498 tomiam
283 2462 527 2497 inchoantem
555 2463 956 2498 subdilatato-clavati.

107 2547 144 2587 2.
177 2545 222 2588 L.
254 2543 516 2586 CHEYNEANA
546 2545 707 2599 (Harv.
735 2545 880 2588 Trans
902 2546 965 2588 Ir.
988 2546 1124 2588 Acad.
1159 2544 1205 2587 V.
1227 2545 1339 2597 2212.
1364 2545 1464 2600 552)
1486 2543 1636 2586 fronde

220 2614 349 2656 tereti
380 2613 662 2655 exsiccatione
693 2615 978 2668 complanata,
1011 2628 1037 2655 a
1066 2613 1161 2656 basi
1192 2627 1363 2655 sursum
1394 2613 1550 2654 sensim
1572 2617 1636 2655 at-

223 2685 402 2724 tenuata
432 2681 1000 2737 dichotomo-decomposita,
1022 2696 1099 2736 per
1128 2685 1264 2723 totam
1295 2680 1383 2722 fere
1404 2680 1639 2734 longitudi-

224 2765 322 2793 nem
352 2750 434 2792 filis
466 2750 579 2792 inter
609 2755 754 2804 partes
785 2752 1044 2793 incrustatas
1074 2749 1358 2792 fasciculatim
1385 2749 1639 2802 prominulis

227 2820 455 2862 subliberis
487 2819 615 2870 hirta,
645 2821 776 2863 ramis
806 2820 1022 2863 frondium
1045 2819 1345 2861 terminalibus
1367 2832 1392 2859 a
1413 2819 1503 2861 basi
1524 2832 1639 2859 cras-

1464 2886 1526 2919 33*
