1757 3114
141 144 221 184 *262
755 144 1080 185 DUMONTIACEAE.
1441 144 1487 185 F
1482 144 1677 186 arlowia.

145 257 427 299 constitutum
459 260 773 306 transmutant3
806 255 979 296 articuli
1010 255 1164 298 horum
1194 257 1365 300 filorum
1399 258 1547 299 extimi
1578 260 1679 298 sunt

140 326 411 367 intermediis
432 325 521 366 fere
544 324 861 366 disciformibus
883 323 1013 376 paulo
1034 325 1250 377 longiores
1267 325 1678 375 rotundato-conici3

141 394 273 435 medii
305 393 573 435 disciformes
605 397 648 434 et
678 393 1083 446 diaphragmatibus
1114 394 1336 446 parallelis
1369 395 1525 448 saepius
1556 407 1679 446 sepa-

145 462 244 513 rati,
277 476 388 503 nunc
420 462 752 515 diaphragmate
784 461 960 514 obliquo
991 460 1100 502 fiunt
1121 461 1219 503 hinc
1242 463 1487 513 crassiores,
1512 476 1596 516 quo
1619 461 1679 503 ef-

140 530 286 572 ficitur
317 534 365 571 ut
395 529 517 571 filum
547 530 853 583 prolongatum
888 532 930 570 et
969 529 1154 582 amplius
1194 531 1412 572 evolutum
1442 530 1491 572 fit
1522 530 1679 571 sensim

140 597 237 651 plus
270 598 411 639 minus
443 612 632 639 curvum.
693 597 788 638 Fila
818 596 898 638 1100
930 597 1069 638 stadio
1100 597 1191 639 fere
1231 599 1403 640 omnino
1434 600 1574 641 libera
1604 598 1680 639 ad-

141 669 298 719 parent
329 670 371 707 et
401 665 653 719 adspectum
684 666 880 718 praebent
901 678 927 706 a
948 664 1113 707 cellulis
1141 666 1289 708 vicinis
1320 667 1553 709 admodum
1576 666 1680 708 alie-

141 748 258 785 num,
291 733 380 774 fere
412 733 730 775 vermiformem
762 733 963 775 dicerem.
1004 734 1168 775 Iterum
1200 749 1299 776 vero
1332 739 1681 777 transmutantur

141 802 345 843 ulterius:
393 802 567 843 articuli
613 802 771 856 singuli
816 801 1060 844 lateraliter
1105 808 1357 845 excrescunt
1387 818 1413 845 a
1443 804 1527 855 filo,
1572 804 1682 844 fiunt

142 871 280 925 magis
312 884 422 912 nova
453 871 686 913 directione
717 870 989 925 cylindracei‚
1023 871 1431 926 diaphragmatibus
1463 877 1681 914 transver-

142 940 306 982 salibus
351 943 484 993 atque
529 940 716 994 obliquis
763 940 1112 991 subdividuntur,
1145 945 1277 995 atque
1320 942 1382 983 ita
1417 942 1461 983 in
1490 941 1682 983 ramulos

141 1009 331 1050 minutos
363 1008 637 1051 fasciculatos
669 1013 1029 1050 transmutantur.
1092 1010 1187 1051 Fila
1217 1010 1507 1053 vermiformia
1537 1011 1682 1053 videre

140 1079 242 1120 licet
272 1093 359 1120 una
389 1082 514 1132 parte
545 1093 630 1120 non
660 1082 840 1130 mutata,
872 1078 1012 1120 altera
1043 1079 1087 1120 in
1118 1080 1308 1121 ramulos
1330 1081 1434 1122 istos
1456 1079 1682 1122 fascicula-

145 1151 211 1189 tos
243 1151 514 1198 transeunte3
546 1147 726 1188 ramulis
765 1146 1029 1189 fasciculatis
1069 1148 1124 1189 ad
1155 1148 1325 1190 diversa
1355 1149 1494 1190 latera
1524 1163 1682 1191 exeun-

143 1216 261 1258 tibus
294 1215 475 1257 efficitur
507 1220 555 1256 ut
584 1214 657 1256 fila
688 1215 1016 1268 gemmidiifera,
1042 1230 1137 1269 quae
1160 1230 1210 1257 ex
1232 1217 1284 1258 iis
1306 1216 1561 1267 formantur,
1585 1221 1685 1258 sunt

142 1298 315 1338 quoque
346 1284 436 1325 fere
468 1297 815 1338 quoquoversum
846 1284 1078 1325 radiantia.
1118 1284 1302 1327 Nucleos
1324 1285 1404 1326 hoc
1426 1285 1566 1327 stadio
1587 1286 1683 1339 plu-

143 1353 277 1395 rimos
309 1353 408 1401 vidi,
440 1353 484 1393 111
515 1367 666 1394 Ζο113111
716 1352 986 1394 fructiferam
1032 1353 1247 1403 collectos,
1289 1354 1407 1395 brevi
1440 1355 1578 1408 spatio
1610 1360 1685 1395 aut

145 1421 234 1463 fere
266 1421 386 1480 nullo
418 1424 662 1475 separatos3
695 1425 889 1462 maturos
920 1435 1005 1463 non
1036 1422 1134 1463 vidi.

148 1530 184 1569 1.
217 1528 261 1569 F.
293 1541 527 1569 COMPRESSA
558 1527 621 1578 (J.
654 1526 735 1580 Ay.
767 1531 909 1580 mser.)
940 1527 1093 1569 fronde
1125 1529 1400 1582 complanata
1430 1530 1554 1584 quasi
1585 1545 1684 1583 pro·

259 1595 567 1637 lificationibus
598 1609 624 1636 a
653 1596 849 1649 margine
880 1596 1091 1649 pinnatim
1124 1598 1468 1639 excrescentibus
1489 1602 1685 1639 concate-

260 1665 372 1706 natis
403 1678 587 1714 ramosa,
619 1664 764 1718 pinnis
795 1679 821 1705 a
851 1665 946 1706 basi
977 1665 1113 1707 multo
1144 1666 1339 1708 tenuiore
1370 1666 1684 1708 cuneato-dila-

259 1734 375 1783 tatis,
408 1733 575 1774 inferne
615 1733 1005 1784 serrato-crenatis‚
1039 1747 1065 1774 a
1095 1738 1219 1786 parte
1251 1734 1471 1787 superiore
1502 1734 1686 1775 dilatata

258 1801 596 1855 prolificationes
627 1801 867 1843 conformes
899 1801 1208 1843 emittentibus.

258 1869 370 1911 Hab.
401 1870 459 1911 ad
491 1871 632 1911 sinum
664 1869 887 1924 Monterey
918 1869 1178 1920 Californiae,
1210 1870 1286 1911 D:r
1313 1869 1356 1910 C.
1379 1871 1424 1911 L.
1448 1869 1684 1910 Anderson.

235 1960 372 2003 Frons,
400 1960 492 1994 licet
518 1971 689 2004 carnosa,
716 1963 843 1994 tamen
872 1964 930 1995 sat
949 1961 1151 2005 conspicue
1170 1961 1422 2006 planiuscula,
1442 1960 1481 1994 111
1508 1972 1684 2005 suprema

147 2020 186 2052 et
212 2017 350 2052 latiore
376 2020 485 2061 parte
512 2017 714 2062 pinnarum
741 2018 797 2062 (in
823 2018 1030 2064 exsiccata)
1050 2030 1167 2062 usque
1186 2020 1206 2052 3
1224 2018 1343 2052 lineas
1363 2019 1453 2061 lata,
1472 2018 1685 2053 madefacta

143 2075 262 2109 multo
298 2074 419 2119 magis
457 2085 635 2118 expansa.
684 2075 878 2119 Margines
917 2075 1118 2119 pinnarum
1144 2075 1183 2108 in
1208 2075 1388 2110 inferiore
1427 2078 1536 2119 parte
1577 2075 1684 2118 quasi

144 2131 413 2177 irregulariter
440 2131 591 2175 serrati,
619 2132 824 2165 serraturis
851 2144 941 2167 vero
966 2143 1066 2166 nunc
1092 2132 1286 2167 obsoletis.
1338 2132 1471 2166 Saltim
1498 2134 1586 2167 5—-6
1603 2133 1684 2177 pol-

147 2188 291 2223 licaris.
340 2187 446 2222 Hanc
473 2190 621 2222 tantum
649 2188 821 2222 sterilem
847 2188 938 2223 vidi.

145 2284 184 2323 2.
216 2282 261 2323 F.
292 2270 443 2322 CRASSA
475 2280 541 2335 (J.
574 2280 655 2333 Ay.
686 2283 828 2333 mser.)
860 2280 1013 2322 fronde
1052 2282 1341 2323 crassiuscula
1371 2296 1628 2336 compressa,
1659 2296 1685 2323 a

258 2351 453 2404 margine
484 2350 785 2403 irregulariter
816 2350 1029 2403 pinnatim
1058 2351 1362 2403 ramosissima,
1385 2352 1527 2406 pinnis
1549 2353 1683 2393 mino-

262 2419 383 2461 ribus
415 2418 763 2472 simpliciusculis
795 2419 1118 2472 maioribusque
1158 2420 1404 2472 compositis
1442 2421 1684 2483 promiscue

260 2502 337 2542 per
384 2492 519 2529 totam
564 2487 880 2540 longitudinem
925 2487 1056 2529 dense
1102 2489 1369 2536 exeuntibus,
1416 2489 1683 2542 marginibus

262 2557 482 2598 evidenter
513 2556 757 2598 rotundatis
789 2556 1051 2597 incrassatis.

416 2625 528 2667 Hab.
560 2626 615 2666 ad
647 2625 770 2666 littus
802 2624 1026 2676 Oregoniae
1058 2624 1299 2680 (Farlowl).

238 2707 270 2739 A
297 2705 401 2739 disco
426 2705 586 2739 radicali
611 2704 766 2739 frondes
792 2715 1004 2738 numerosa>
1031 2704 1233 2748 provenire
1260 2704 1452 2746 videntur,
1479 2715 1546 2747 per
1565 2706 1683 2738 totam

148 2763 429 2808 longitudinem
454 2763 493 2796 in
520 2762 662 2797 nostris
690 2761 952 2796 crassiusculae
980 2765 1014 2794 et
1048 2762 1155 2805 quasi
1193 2761 1427 2806 marginibus
1465 2761 1681 2795 rotundatis

149 2820 363 2863 instructae,
391 2822 560 2853 attamen
593 2819 856 2864 complanatae,
894 2818 1049 2852 rachide
1087 2818 1164 2852 sere
1203 2817 1338 2852 lineari
1363 2817 1502 2851 lineam
1529 2817 1683 2851 circiter

149 2877 239 2921 lata,
264 2888 332 2922 per
359 2881 476 2911 totam
503 2877 784 2922 longitudinem
821 2887 923 2920 saepe
961 2876 1078 2909 dense
1115 2876 1285 2919 pinnata,
1323 2875 1450 2920 pinnis
1489 2886 1587 2908 nunc
1614 2886 1682 2919 per
