<?xml version="1.0" encoding="UTF-8"?>
<!DOCTYPE html PUBLIC "-//W3C//DTD XHTML 1.0 Transitional//EN"
    "http://www.w3.org/TR/xhtml1/DTD/xhtml1-transitional.dtd">
<html xmlns="http://www.w3.org/1999/xhtml" xml:lang="en" lang="en">
 <head>
  <title>
</title>
<meta http-equiv="Content-Type" content="text/html;charset=utf-8" />
  <meta name='ocr-system' content='tesseract 3.04.00' />
  <meta name='ocr-capabilities' content='ocr_page ocr_carea ocr_par ocr_line ocrx_word'/>
</head>
<body>
  <div class='ocr_page' id='page_1' title='image "./speciesgeneraeto0301agar_0711.png"; bbox 0 0 1757 3114; ppageno 0'>
   <div class='ocr_carea' id='block_1_1' title="bbox 1579 131 1656 171">
    <p class='ocr_par' dir='ltr' id='par_1_1' title="bbox 1579 131 1656 171">
     <span class='ocr_line' id='line_1_1' title="bbox 1579 131 1656 171; baseline 0.013 -1"><span class='ocrx_word' id='word_1_1' title='bbox 1579 131 1656 171; x_wconf 74' lang='lat'><strong>695</strong></span> 
     </span>
    </p>
   </div>
   <div class='ocr_carea' id='block_1_2' title="bbox 125 234 1666 2058">
    <p class='ocr_par' dir='ltr' id='par_1_2' title="bbox 125 234 1659 728">
     <span class='ocr_line' id='line_1_2' title="bbox 125 234 1658 285; baseline 0.003 -15"><span class='ocrx_word' id='word_1_2' title='bbox 125 234 226 270; x_wconf 88' lang='lat' dir='ltr'><strong>nutis</strong></span> <span class='ocrx_word' id='word_1_3' title='bbox 245 234 417 280; x_wconf 84' lang='lat' dir='ltr'><strong>plurimis</strong></span> <span class='ocrx_word' id='word_1_4' title='bbox 437 237 482 270; x_wconf 85' lang='lat' dir='ltr'><strong>ab</strong></span> <span class='ocrx_word' id='word_1_5' title='bbox 502 236 660 278; x_wconf 85' lang='lat' dir='ltr'><strong>utraque</strong></span> <span class='ocrx_word' id='word_1_6' title='bbox 679 235 818 280; x_wconf 79' lang='lat' dir='ltr'>pagina</span> <span class='ocrx_word' id='word_1_7' title='bbox 834 237 1125 281; x_wconf 76' lang='lat' dir='ltr'><strong>pullulantibus,</strong></span> <span class='ocrx_word' id='word_1_8' title='bbox 1143 238 1197 272; x_wconf 85' lang='lat' dir='ltr'><strong>ita.</strong></span> <span class='ocrx_word' id='word_1_9' title='bbox 1215 240 1342 273; x_wconf 84' lang='lat' dir='ltr'><strong>densis</strong></span> <span class='ocrx_word' id='word_1_10' title='bbox 1363 243 1404 274; x_wconf 91' lang='lat' dir='ltr'><strong>ut</strong></span> <span class='ocrx_word' id='word_1_11' title='bbox 1419 241 1541 285; x_wconf 86' lang='lat' dir='ltr'><strong>spatia</strong></span> <span class='ocrx_word' id='word_1_12' title='bbox 1561 242 1658 275; x_wconf 82' lang='lat' dir='ltr'><strong>nuda</strong></span> 
     </span>
     <span class='ocr_line' id='line_1_3' title="bbox 125 291 1659 341; baseline 0.003 -15"><span class='ocrx_word' id='word_1_13' title='bbox 125 291 217 337; x_wconf 87' lang='lat' dir='ltr'><strong>ipsis</strong></span> <span class='ocrx_word' id='word_1_14' title='bbox 246 291 386 336; x_wconf 86' lang='lat' dir='ltr'><strong>phyllis</strong></span> <span class='ocrx_word' id='word_1_15' title='bbox 412 303 544 336; x_wconf 89' lang='lat' dir='ltr'><strong>parum</strong></span> <span class='ocrx_word' id='word_1_16' title='bbox 569 291 711 335; x_wconf 84' lang='lat' dir='ltr'><strong>majora</strong></span> <span class='ocrx_word' id='word_1_17' title='bbox 736 296 899 335; x_wconf 67' lang='lat' dir='ltr'><strong>restent,</strong></span> <span class='ocrx_word' id='word_1_18' title='bbox 925 293 1114 327; x_wconf 78' lang='lat' dir='ltr'><strong>instructa</strong></span> <span class='ocrx_word' id='word_1_19' title='bbox 1141 298 1212 338; x_wconf 80' lang='lat' dir='ltr'><strong>est,</strong></span> <span class='ocrx_word' id='word_1_20' title='bbox 1240 296 1343 331; x_wconf 83' lang='lat' dir='ltr'><strong>disco</strong></span> <span class='ocrx_word' id='word_1_21' title='bbox 1382 300 1505 330; x_wconf 77' lang='lat' dir='ltr'><strong>tamen</strong></span> <span class='ocrx_word' id='word_1_22' title='bbox 1547 310 1659 341; x_wconf 83' lang='lat' dir='ltr'><strong>supra</strong></span> 
     </span>
     <span class='ocr_line' id='line_1_4' title="bbox 127 348 1657 396; baseline 0.003 -13"><span class='ocrx_word' id='word_1_23' title='bbox 127 348 297 393; x_wconf 78' lang='lat' dir='ltr'><strong>stipitem</strong></span> <span class='ocrx_word' id='word_1_24' title='bbox 323 348 600 393; x_wconf 84' lang='lat' dir='ltr'><strong>integriuseulo</strong></span> <span class='ocrx_word' id='word_1_25' title='bbox 625 348 758 392; x_wconf 85' lang='lat' dir='ltr'><strong>majori</strong></span> <span class='ocrx_word' id='word_1_26' title='bbox 787 349 922 382; x_wconf 86' lang='lat' dir='ltr'><strong>sterili.</strong></span> <span class='ocrx_word' id='word_1_27' title='bbox 973 349 1107 393; x_wconf 82' lang='lat' dir='ltr'><strong>Pliylla</strong></span> <span class='ocrx_word' id='word_1_28' title='bbox 1133 351 1270 385; x_wconf 82' lang='lat' dir='ltr'><strong>lineam</strong></span> <span class='ocrx_word' id='word_1_29' title='bbox 1300 356 1363 386; x_wconf 81' lang='lat' dir='ltr'><strong>aut</strong></span> <span class='ocrx_word' id='word_1_30' title='bbox 1391 353 1657 396; x_wconf 71' lang='lat' dir='ltr'><strong>sesquiliiwam</strong></span> 
     </span>
     <span class='ocr_line' id='line_1_5' title="bbox 126 405 1657 454; baseline 0.003 -14"><span class='ocrx_word' id='word_1_31' title='bbox 126 406 189 441; x_wconf 82' lang='lat' dir='ltr'><strong>vix</strong></span> <span class='ocrx_word' id='word_1_32' title='bbox 216 409 397 451; x_wconf 87' lang='lat' dir='ltr'><strong>superant</strong></span> <span class='ocrx_word' id='word_1_33' title='bbox 423 405 674 451; x_wconf 77' lang='lat' dir='ltr'><strong>longitudine,</strong></span> <span class='ocrx_word' id='word_1_34' title='bbox 703 405 785 450; x_wconf 77' lang='lat' dir='ltr'><strong>ipsa</strong></span> <span class='ocrx_word' id='word_1_35' title='bbox 811 405 1010 441; x_wconf 85' lang='lat' dir='ltr'><strong>evidenter</strong></span> <span class='ocrx_word' id='word_1_36' title='bbox 1043 407 1229 451; x_wconf 85' lang='lat' dir='ltr'><strong>stipitata‚</strong></span> <span class='ocrx_word' id='word_1_37' title='bbox 1264 409 1396 454; x_wconf 77' lang='lat' dir='ltr'><strong>stipite</strong></span> <span class='ocrx_word' id='word_1_38' title='bbox 1423 409 1462 443; x_wconf 86' lang='lat' dir='ltr'><strong>in</strong></span> <span class='ocrx_word' id='word_1_39' title='bbox 1487 410 1657 444; x_wconf 87' lang='lat' dir='ltr'><strong>frondem</strong></span> 
     </span>
     <span class='ocr_line' id='line_1_6' title="bbox 125 463 1658 512; baseline 0.001 -12"><span class='ocrx_word' id='word_1_40' title='bbox 125 468 320 500; x_wconf 84' lang='lat' dir='ltr'><strong>cuneatam</strong></span> <span class='ocrx_word' id='word_1_41' title='bbox 347 467 412 499; x_wconf 86' lang='lat' dir='ltr'><strong>aut</strong></span> <span class='ocrx_word' id='word_1_42' title='bbox 436 464 675 500; x_wconf 84' lang='lat' dir='ltr'><strong>obeordatam</strong></span> <span class='ocrx_word' id='word_1_43' title='bbox 704 463 843 498; x_wconf 88' lang='lat' dir='ltr'><strong>sensim</strong></span> <span class='ocrx_word' id='word_1_44' title='bbox 871 464 1042 499; x_wconf 85' lang='lat' dir='ltr'><strong>dilatato.</strong></span> <span class='ocrx_word' id='word_1_45' title='bbox 1078 465 1120 500; x_wconf 93' lang='lat' dir='ltr'><strong>In</strong></span> <span class='ocrx_word' id='word_1_46' title='bbox 1146 465 1203 500; x_wconf 88' lang='lat' dir='ltr'><strong>his</strong></span> <span class='ocrx_word' id='word_1_47' title='bbox 1223 467 1362 512; x_wconf 87' lang='lat' dir='ltr'><strong>phyllis</strong></span> <span class='ocrx_word' id='word_1_48' title='bbox 1384 467 1658 512; x_wconf 79' lang='lat' dir='ltr'><strong>spliaerosporae</strong></span> 
     </span>
     <span class='ocr_line' id='line_1_7' title="bbox 126 520 1659 569; baseline 0.001 -12"><span class='ocrx_word' id='word_1_49' title='bbox 126 523 302 565; x_wconf 82' lang='lat' dir='ltr'><strong>evolutae,</strong></span> <span class='ocrx_word' id='word_1_50' title='bbox 329 522 432 556; x_wconf 88' lang='lat' dir='ltr'><strong>intra</strong></span> <span class='ocrx_word' id='word_1_51' title='bbox 456 521 664 566; x_wconf 82' lang='lat' dir='ltr'><strong>marginem</strong></span> <span class='ocrx_word' id='word_1_52' title='bbox 692 520 862 555; x_wconf 84' lang='lat' dir='ltr'><strong>sterilem</strong></span> <span class='ocrx_word' id='word_1_53' title='bbox 888 526 1087 565; x_wconf 86' lang='lat' dir='ltr'><strong>utramque</strong></span> <span class='ocrx_word' id='word_1_54' title='bbox 1113 524 1290 567; x_wconf 81' lang='lat' dir='ltr'><strong>paginam</strong></span> <span class='ocrx_word' id='word_1_55' title='bbox 1309 528 1549 569; x_wconf 76' lang='lat' dir='ltr'><strong>occupantes⁷</strong></span> <span class='ocrx_word' id='word_1_56' title='bbox 1570 525 1659 558; x_wconf 82' lang='lat' dir='ltr'><strong>den-</strong></span> 
     </span>
     <span class='ocr_line' id='line_1_8' title="bbox 126 578 1659 624; baseline 0.001 -11"><span class='ocrx_word' id='word_1_57' title='bbox 126 580 301 622; x_wconf 80' lang='lat' dir='ltr'><strong>sissimae,</strong></span> <span class='ocrx_word' id='word_1_58' title='bbox 327 579 429 613; x_wconf 86' lang='lat' dir='ltr'><strong>int-ra</strong></span> <span class='ocrx_word' id='word_1_59' title='bbox 455 582 615 612; x_wconf 88' lang='lat' dir='ltr'><strong>stratum</strong></span> <span class='ocrx_word' id='word_1_60' title='bbox 642 578 821 613; x_wconf 65' lang='lat' dir='ltr'><strong>cortic-ale</strong></span> <span class='ocrx_word' id='word_1_61' title='bbox 847 578 1038 623; x_wconf 90' lang='lat' dir='ltr'><strong>paulispsr</strong></span> <span class='ocrx_word' id='word_1_62' title='bbox 1076 579 1194 624; x_wconf 80' lang='lat' dir='ltr'><strong>magis</strong></span> <span class='ocrx_word' id='word_1_63' title='bbox 1223 581 1428 624; x_wconf 81' lang='lat' dir='ltr'><strong>evolutum,</strong></span> <span class='ocrx_word' id='word_1_64' title='bbox 1466 581 1580 615; x_wconf 81' lang='lat' dir='ltr'><strong>limbo</strong></span> <span class='ocrx_word' id='word_1_65' title='bbox 1608 582 1659 615; x_wconf 86' lang='lat' dir='ltr'><strong>la-</strong></span> 
     </span>
     <span class='ocr_line' id='line_1_9' title="bbox 126 634 1658 682; baseline 0.001 -12"><span class='ocrx_word' id='word_1_66' title='bbox 126 636 221 671; x_wconf 87' lang='lat' dir='ltr'><strong>tiore</strong></span> <span class='ocrx_word' id='word_1_67' title='bbox 261 635 413 679; x_wconf 85' lang='lat' dir='ltr'><strong>hyalino</strong></span> <span class='ocrx_word' id='word_1_68' title='bbox 450 634 628 677; x_wconf 85' lang='lat' dir='ltr'><strong>cinctum,</strong></span> <span class='ocrx_word' id='word_1_69' title='bbox 667 634 748 669; x_wconf 88' lang='lat' dir='ltr'><strong>sine</strong></span> <span class='ocrx_word' id='word_1_70' title='bbox 786 635 919 669; x_wconf 82' lang='lat' dir='ltr'><strong>ordine</strong></span> <span class='ocrx_word' id='word_1_71' title='bbox 957 635 1159 680; x_wconf 80' lang='lat' dir='ltr'><strong>conspicuo</strong></span> <span class='ocrx_word' id='word_1_72' title='bbox 1196 636 1427 681; x_wconf 87' lang='lat' dir='ltr'><strong>nidulantes‚</strong></span> <span class='ocrx_word' id='word_1_73' title='bbox 1466 637 1658 682; x_wconf 77' lang='lat' dir='ltr'><strong>sphaericae</strong></span> 
     </span>
     <span class='ocr_line' id='line_1_10' title="bbox 125 693 495 728; baseline -0.003 0"><span class='ocrx_word' id='word_1_74' title='bbox 125 693 322 728; x_wconf 83' lang='lat' dir='ltr'><strong>cruciatim</strong></span> <span class='ocrx_word' id='word_1_75' title='bbox 350 693 495 728; x_wconf 74' lang='lat' dir='ltr'><strong>divisae.</strong></span> 
     </span>
    </p>

    <p class='ocr_par' dir='ltr' id='par_1_3' title="bbox 125 749 1663 1428">
     <span class='ocr_line' id='line_1_11' title="bbox 215 749 1659 795; baseline 0.001 -10"><span class='ocrx_word' id='word_1_76' title='bbox 215 751 336 785; x_wconf 82' lang='lat' dir='ltr'><strong>Frons</strong></span> <span class='ocrx_word' id='word_1_77' title='bbox 364 762 384 784; x_wconf 90' lang='lat' dir='ltr'><strong>a</strong></span> <span class='ocrx_word' id='word_1_78' title='bbox 410 749 608 795; x_wconf 85' lang='lat' dir='ltr'><strong>superficie</strong></span> <span class='ocrx_word' id='word_1_79' title='bbox 628 751 696 784; x_wconf 88' lang='lat' dir='ltr'><strong>sub</strong></span> <span class='ocrx_word' id='word_1_80' title='bbox 714 749 962 794; x_wconf 85' lang='lat' dir='ltr'><strong>microscopio</strong></span> <span class='ocrx_word' id='word_1_81' title='bbox 983 751 1184 784; x_wconf 82' lang='lat' dir='ltr'><strong>observata</strong></span> <span class='ocrx_word' id='word_1_82' title='bbox 1210 754 1397 785; x_wconf 86' lang='lat' dir='ltr'><strong>monstrat</strong></span> <span class='ocrx_word' id='word_1_83' title='bbox 1424 753 1578 786; x_wconf 76' lang='lat' dir='ltr'><strong>cellulas</strong></span> <span class='ocrx_word' id='word_1_84' title='bbox 1606 753 1659 786; x_wconf 82' lang='lat' dir='ltr'><strong>in-</strong></span> 
     </span>
     <span class='ocr_line' id='line_1_12' title="bbox 126 806 1659 851; baseline 0.001 -9"><span class='ocrx_word' id='word_1_85' title='bbox 126 808 286 843; x_wconf 81' lang='lat' dir='ltr'><strong>teriores</strong></span> <span class='ocrx_word' id='word_1_86' title='bbox 312 807 554 851; x_wconf 69' lang='lat' dir='ltr'><strong>inaequaliter</strong></span> <span class='ocrx_word' id='word_1_87' title='bbox 590 806 792 851; x_wconf 79' lang='lat' dir='ltr'><strong>oblongas:</strong></span> <span class='ocrx_word' id='word_1_88' title='bbox 830 807 997 841; x_wconf 87' lang='lat' dir='ltr'><strong>dissecta</strong></span> <span class='ocrx_word' id='word_1_89' title='bbox 1033 807 1176 841; x_wconf 87' lang='lat' dir='ltr'><strong>duobus</strong></span> <span class='ocrx_word' id='word_1_90' title='bbox 1204 809 1335 842; x_wconf 82' lang='lat' dir='ltr'><strong>stratis</strong></span> <span class='ocrx_word' id='word_1_91' title='bbox 1363 809 1572 843; x_wconf 84' lang='lat' dir='ltr'><strong>constituta.</strong></span> <span class='ocrx_word' id='word_1_92' title='bbox 1597 811 1659 843; x_wconf 77' lang='lat' dir='ltr'><strong>ad-</strong></span> 
     </span>
     <span class='ocr_line' id='line_1_13' title="bbox 125 863 1660 911; baseline -0.001 -12"><span class='ocrx_word' id='word_1_93' title='bbox 125 869 252 911; x_wconf 80' lang='lat' dir='ltr'><strong>paret:</strong></span> <span class='ocrx_word' id='word_1_94' title='bbox 279 865 427 899; x_wconf 81' lang='lat' dir='ltr'><strong>cellulae</strong></span> <span class='ocrx_word' id='word_1_95' title='bbox 462 863 665 898; x_wconf 88' lang='lat' dir='ltr'><strong>interiores</strong></span> <span class='ocrx_word' id='word_1_96' title='bbox 702 863 863 908; x_wconf 85' lang='lat' dir='ltr'><strong>majores</strong></span> <span class='ocrx_word' id='word_1_97' title='bbox 901 864 1075 909; x_wconf 61' lang='lat' dir='ltr'><strong>oblongae</strong></span> <span class='ocrx_word' id='word_1_98' title='bbox 1114 876 1212 898; x_wconf 90' lang='lat' dir='ltr'><strong>nunc</strong></span> <span class='ocrx_word' id='word_1_99' title='bbox 1238 865 1277 898; x_wconf 88' lang='lat' dir='ltr'><strong>in</strong></span> <span class='ocrx_word' id='word_1_100' title='bbox 1303 865 1549 909; x_wconf 80' lang='lat' dir='ltr'><strong>appendicem</strong></span> <span class='ocrx_word' id='word_1_101' title='bbox 1577 878 1660 911; x_wconf 81' lang='lat' dir='ltr'><strong>pro-</strong></span> 
     </span>
     <span class='ocr_line' id='line_1_14' title="bbox 126 922 1660 967; baseline -0.001 -9"><span class='ocrx_word' id='word_1_102' title='bbox 126 924 249 958; x_wconf 69' lang='lat' dir='ltr'><strong>duotae</strong></span> <span class='ocrx_word' id='word_1_103' title='bbox 279 924 523 965; x_wconf 85' lang='lat' dir='ltr'><strong>subclavatae,</strong></span> <span class='ocrx_word' id='word_1_104' title='bbox 544 934 645 967; x_wconf 80' lang='lat' dir='ltr'><strong>saepe</strong></span> <span class='ocrx_word' id='word_1_105' title='bbox 671 922 875 966; x_wconf 76' lang='lat' dir='ltr'><strong>granuloso</strong></span> <span class='ocrx_word' id='word_1_106' title='bbox 901 925 1085 956; x_wconf 82' lang='lat' dir='ltr'><strong>contentu</strong></span> <span class='ocrx_word' id='word_1_107' title='bbox 1110 922 1254 966; x_wconf 57' lang='lat' dir='ltr'><strong>sarowe,</strong></span> <span class='ocrx_word' id='word_1_108' title='bbox 1282 923 1425 958; x_wconf 86' lang='lat' dir='ltr'><strong>duabus</strong></span> <span class='ocrx_word' id='word_1_109' title='bbox 1453 924 1586 957; x_wconf 84' lang='lat' dir='ltr'><strong>saltem</strong></span> <span class='ocrx_word' id='word_1_110' title='bbox 1606 936 1660 958; x_wconf 90' lang='lat' dir='ltr'><strong>se-</strong></span> 
     </span>
     <span class='ocr_line' id='line_1_15' title="bbox 126 978 1660 1025; baseline -0.001 -10"><span class='ocrx_word' id='word_1_111' title='bbox 126 981 253 1016; x_wconf 89' lang='lat' dir='ltr'><strong>riebus</strong></span> <span class='ocrx_word' id='word_1_112' title='bbox 291 984 330 1015; x_wconf 87' lang='lat' dir='ltr'><strong>at</strong></span> <span class='ocrx_word' id='word_1_113' title='bbox 367 980 446 1014; x_wconf 85' lang='lat' dir='ltr'><strong>sine</strong></span> <span class='ocrx_word' id='word_1_114' title='bbox 484 979 615 1014; x_wconf 89' lang='lat' dir='ltr'><strong>ordine</strong></span> <span class='ocrx_word' id='word_1_115' title='bbox 655 978 856 1023; x_wconf 83' lang='lat' dir='ltr'><strong>conspicuo</strong></span> <span class='ocrx_word' id='word_1_116' title='bbox 894 979 1103 1023; x_wconf 72' lang='lat' dir='ltr'><strong>dispositae,</strong></span> <span class='ocrx_word' id='word_1_117' title='bbox 1143 980 1422 1025; x_wconf 62' lang='lat' dir='ltr'><strong>subcontiguze3</strong></span> <span class='ocrx_word' id='word_1_118' title='bbox 1463 980 1660 1015; x_wconf 74' lang='lat' dir='ltr'><strong>corticales</strong></span> 
     </span>
     <span class='ocr_line' id='line_1_16' title="bbox 126 1039 1661 1084; baseline 0 -10"><span class='ocrx_word' id='word_1_119' title='bbox 126 1040 246 1074; x_wconf 89' lang='lat' dir='ltr'><strong>multo</strong></span> <span class='ocrx_word' id='word_1_120' title='bbox 271 1039 437 1074; x_wconf 88' lang='lat' dir='ltr'><strong>minores</strong></span> <span class='ocrx_word' id='word_1_121' title='bbox 476 1039 768 1074; x_wconf 85' lang='lat' dir='ltr'><strong>endochromate</strong></span> <span class='ocrx_word' id='word_1_122' title='bbox 804 1039 986 1082; x_wconf 86' lang='lat' dir='ltr'><strong>colorato,</strong></span> <span class='ocrx_word' id='word_1_123' title='bbox 1023 1050 1092 1083; x_wconf 85' lang='lat' dir='ltr'><strong>per</strong></span> <span class='ocrx_word' id='word_1_124' title='bbox 1129 1040 1216 1072; x_wconf 80' lang='lat'><strong>2—3</strong></span> <span class='ocrx_word' id='word_1_125' title='bbox 1243 1039 1359 1073; x_wconf 84' lang='lat' dir='ltr'><strong>series</strong></span> <span class='ocrx_word' id='word_1_126' title='bbox 1399 1040 1661 1084; x_wconf 69' lang='lat' dir='ltr'><strong>superpositae,</strong></span> 
     </span>
     <span class='ocr_line' id='line_1_17' title="bbox 126 1095 1662 1141; baseline -0.001 -10"><span class='ocrx_word' id='word_1_127' title='bbox 126 1097 331 1131; x_wconf 88' lang='lat' dir='ltr'><strong>interiores</strong></span> <span class='ocrx_word' id='word_1_128' title='bbox 358 1097 468 1141; x_wconf 86' lang='lat' dir='ltr'><strong>paulo</strong></span> <span class='ocrx_word' id='word_1_129' title='bbox 493 1097 668 1140; x_wconf 78' lang='lat' dir='ltr'><strong>majores,</strong></span> <span class='ocrx_word' id='word_1_130' title='bbox 696 1095 949 1131; x_wconf 81' lang='lat' dir='ltr'><strong>exterioribus</strong></span> <span class='ocrx_word' id='word_1_131' title='bbox 978 1095 1117 1129; x_wconf 87' lang='lat' dir='ltr'><strong>sensim</strong></span> <span class='ocrx_word' id='word_1_132' title='bbox 1144 1096 1350 1131; x_wconf 86' lang='lat' dir='ltr'><strong>minoribus</strong></span> <span class='ocrx_word' id='word_1_133' title='bbox 1384 1096 1445 1130; x_wconf 84' lang='lat' dir='ltr'><strong>vix</strong></span> <span class='ocrx_word' id='word_1_134' title='bbox 1472 1096 1662 1130; x_wconf 83' lang='lat' dir='ltr'><strong>verticali—</strong></span> 
     </span>
     <span class='ocr_line' id='line_1_18' title="bbox 126 1153 1661 1198; baseline -0.003 -8"><span class='ocrx_word' id='word_1_135' title='bbox 126 1156 210 1197; x_wconf 81' lang='lat' dir='ltr'><strong>bus,</strong></span> <span class='ocrx_word' id='word_1_136' title='bbox 238 1165 306 1188; x_wconf 87' lang='lat' dir='ltr'><strong>nee</strong></span> <span class='ocrx_word' id='word_1_137' title='bbox 330 1154 370 1188; x_wconf 91' lang='lat' dir='ltr'><strong>in</strong></span> <span class='ocrx_word' id='word_1_138' title='bbox 396 1154 459 1188; x_wconf 81' lang='lat' dir='ltr'><strong>fila</strong></span> <span class='ocrx_word' id='word_1_139' title='bbox 484 1153 709 1198; x_wconf 76' lang='lat' dir='ltr'><strong>conjunctis.</strong></span> <span class='ocrx_word' id='word_1_140' title='bbox 759 1153 801 1187; x_wconf 91' lang='lat' dir='ltr'><strong>In</strong></span> <span class='ocrx_word' id='word_1_141' title='bbox 827 1153 968 1198; x_wconf 87' lang='lat' dir='ltr'><strong>phyllis</strong></span> <span class='ocrx_word' id='word_1_142' title='bbox 995 1153 1186 1187; x_wconf 81' lang='lat' dir='ltr'><strong>fertilibus</strong></span> <span class='ocrx_word' id='word_1_143' title='bbox 1214 1153 1360 1187; x_wconf 66' lang='lat' dir='ltr'><strong>cellulae</strong></span> <span class='ocrx_word' id='word_1_144' title='bbox 1389 1153 1499 1187; x_wconf 87' lang='lat' dir='ltr'><strong>strati</strong></span> <span class='ocrx_word' id='word_1_145' title='bbox 1527 1153 1661 1187; x_wconf 90' lang='lat' dir='ltr'><strong>interi-</strong></span> 
     </span>
     <span class='ocr_line' id='line_1_19' title="bbox 126 1210 1663 1255; baseline -0.001 -10"><span class='ocrx_word' id='word_1_146' title='bbox 126 1223 210 1245; x_wconf 90' lang='lat' dir='ltr'><strong>ores</strong></span> <span class='ocrx_word' id='word_1_147' title='bbox 236 1211 416 1255; x_wconf 85' lang='lat' dir='ltr'><strong>minores,</strong></span> <span class='ocrx_word' id='word_1_148' title='bbox 441 1211 561 1246; x_wconf 87' lang='lat' dir='ltr'><strong>forma</strong></span> <span class='ocrx_word' id='word_1_149' title='bbox 585 1222 675 1245; x_wconf 91' lang='lat' dir='ltr'><strong>vero</strong></span> <span class='ocrx_word' id='word_1_150' title='bbox 707 1214 746 1245; x_wconf 90' lang='lat' dir='ltr'><strong>et</strong></span> <span class='ocrx_word' id='word_1_151' title='bbox 783 1213 965 1244; x_wconf 85' lang='lat' dir='ltr'><strong>contentu</strong></span> <span class='ocrx_word' id='word_1_152' title='bbox 1002 1212 1179 1244; x_wconf 82' lang='lat' dir='ltr'><strong>eaeterum</strong></span> <span class='ocrx_word' id='word_1_153' title='bbox 1220 1210 1283 1243; x_wconf 86' lang='lat' dir='ltr'><strong>vix</strong></span> <span class='ocrx_word' id='word_1_154' title='bbox 1321 1210 1496 1253; x_wconf 71' lang='lat' dir='ltr'><strong>divers2e‚</strong></span> <span class='ocrx_word' id='word_1_155' title='bbox 1524 1213 1561 1243; x_wconf 91' lang='lat' dir='ltr'><strong>et</strong></span> <span class='ocrx_word' id='word_1_156' title='bbox 1586 1210 1663 1243; x_wconf 87' lang='lat' dir='ltr'><strong>fere</strong></span> 
     </span>
     <span class='ocr_line' id='line_1_20' title="bbox 127 1267 1662 1313; baseline -0.001 -11"><span class='ocrx_word' id='word_1_157' title='bbox 127 1280 233 1312; x_wconf 85' lang='lat' dir='ltr'><strong>aeque</strong></span> <span class='ocrx_word' id='word_1_158' title='bbox 260 1269 462 1313; x_wconf 57' lang='lat' dir='ltr'><strong>contiguae.</strong></span> <span class='ocrx_word' id='word_1_159' title='bbox 514 1269 681 1303; x_wconf 78' lang='lat' dir='ltr'><strong>Stratum</strong></span> <span class='ocrx_word' id='word_1_160' title='bbox 714 1268 892 1303; x_wconf 80' lang='lat' dir='ltr'><strong>corticale</strong></span> <span class='ocrx_word' id='word_1_161' title='bbox 927 1267 1047 1313; x_wconf 82' lang='lat' dir='ltr'><strong>magis</strong></span> <span class='ocrx_word' id='word_1_162' title='bbox 1081 1268 1288 1309; x_wconf 76' lang='lat' dir='ltr'><strong>evolutum,</strong></span> <span class='ocrx_word' id='word_1_163' title='bbox 1322 1268 1424 1301; x_wconf 80' lang='lat' dir='ltr'><strong>intra</strong></span> <span class='ocrx_word' id='word_1_164' title='bbox 1458 1267 1662 1312; x_wconf 71' lang='lat' dir='ltr'><strong>gclatinam</strong></span> 
     </span>
     <span class='ocr_line' id='line_1_21' title="bbox 127 1324 1663 1371; baseline -0.002 -10"><span class='ocrx_word' id='word_1_165' title='bbox 127 1326 411 1371; x_wconf 84' lang='lat' dir='ltr'><strong>sphaerosporas</strong></span> <span class='ocrx_word' id='word_1_166' title='bbox 427 1326 689 1371; x_wconf 81' lang='lat' dir='ltr'><strong>magnitudine</strong></span> <span class='ocrx_word' id='word_1_167' title='bbox 707 1326 879 1371; x_wconf 86' lang='lat' dir='ltr'><strong>insignes</strong></span> <span class='ocrx_word' id='word_1_168' title='bbox 898 1325 1117 1370; x_wconf 84' lang='lat' dir='ltr'><strong>dispositas,</strong></span> <span class='ocrx_word' id='word_1_169' title='bbox 1136 1324 1348 1368; x_wconf 81' lang='lat' dir='ltr'><strong>interjectis</strong></span> <span class='ocrx_word' id='word_1_170' title='bbox 1368 1325 1495 1369; x_wconf 78' lang='lat' dir='ltr'><strong>paucis</strong></span> <span class='ocrx_word' id='word_1_171' title='bbox 1515 1325 1663 1358; x_wconf 83' lang='lat' dir='ltr'><strong>cellulis</strong></span> 
     </span>
     <span class='ocr_line' id='line_1_22' title="bbox 129 1381 1579 1428; baseline -0.001 -11"><span class='ocrx_word' id='word_1_172' title='bbox 129 1383 326 1419; x_wconf 86' lang='lat' dir='ltr'><strong>sterilibus</strong></span> <span class='ocrx_word' id='word_1_173' title='bbox 354 1383 590 1418; x_wconf 82' lang='lat' dir='ltr'><strong>verticaliter</strong></span> <span class='ocrx_word' id='word_1_174' title='bbox 616 1383 803 1428; x_wconf 83' lang='lat' dir='ltr'><strong>elongatis</strong></span> <span class='ocrx_word' id='word_1_175' title='bbox 832 1383 909 1417; x_wconf 87' lang='lat' dir='ltr'><strong>fere</strong></span> <span class='ocrx_word' id='word_1_176' title='bbox 937 1382 1109 1423; x_wconf 69' lang='lat' dir='ltr'><strong>clavatis,</strong></span> <span class='ocrx_word' id='word_1_177' title='bbox 1136 1381 1200 1416; x_wconf 86' lang='lat' dir='ltr'><strong>vix</strong></span> <span class='ocrx_word' id='word_1_178' title='bbox 1227 1382 1290 1415; x_wconf 86' lang='lat' dir='ltr'><strong>fila</strong></span> <span class='ocrx_word' id='word_1_179' title='bbox 1314 1381 1579 1416; x_wconf 82' lang='lat' dir='ltr'><strong>formantibus.</strong></span> 
     </span>
    </p>

    <p class='ocr_par' dir='ltr' id='par_1_4' title="bbox 127 1439 1666 2058">
     <span class='ocr_line' id='line_1_23' title="bbox 218 1439 1662 1485; baseline -0.002 -11"><span class='ocrx_word' id='word_1_180' title='bbox 218 1441 288 1475; x_wconf 88' lang='lat' dir='ltr'><strong>Est</strong></span> <span class='ocrx_word' id='word_1_181' title='bbox 313 1441 394 1475; x_wconf 70' lang='lat' dir='ltr'><strong>haee</strong></span> <span class='ocrx_word' id='word_1_182' title='bbox 421 1441 563 1485; x_wconf 83' lang='lat' dir='ltr'><strong>species</strong></span> <span class='ocrx_word' id='word_1_183' title='bbox 589 1440 690 1474; x_wconf 87' lang='lat' dir='ltr'><strong>inter</strong></span> <span class='ocrx_word' id='word_1_184' title='bbox 708 1441 827 1474; x_wconf 88' lang='lat' dir='ltr'><strong>multa</strong></span> <span class='ocrx_word' id='word_1_185' title='bbox 853 1440 926 1474; x_wconf 87' lang='lat' dir='ltr'><strong>alia</strong></span> <span class='ocrx_word' id='word_1_186' title='bbox 945 1440 1157 1484; x_wconf 84' lang='lat' dir='ltr'><strong>exemplum</strong></span> <span class='ocrx_word' id='word_1_187' title='bbox 1178 1440 1293 1483; x_wconf 76' lang='lat' dir='ltr'><strong>algas,</strong></span> <span class='ocrx_word' id='word_1_188' title='bbox 1314 1450 1446 1473; x_wconf 85' lang='lat' dir='ltr'><strong>revera</strong></span> <span class='ocrx_word' id='word_1_189' title='bbox 1466 1439 1662 1472; x_wconf 79' lang='lat' dir='ltr'><strong>admodum</strong></span> 
     </span>
     <span class='ocr_line' id='line_1_24' title="bbox 128 1495 1663 1541; baseline -0.003 -9"><span class='ocrx_word' id='word_1_190' title='bbox 128 1498 311 1540; x_wconf 77' lang='lat' dir='ltr'><strong>diversas,</strong></span> <span class='ocrx_word' id='word_1_191' title='bbox 341 1499 408 1533; x_wconf 89' lang='lat' dir='ltr'><strong>sub</strong></span> <span class='ocrx_word' id='word_1_192' title='bbox 436 1498 566 1531; x_wconf 90' lang='lat' dir='ltr'><strong>eadem</strong></span> <span class='ocrx_word' id='word_1_193' title='bbox 592 1497 711 1531; x_wconf 85' lang='lat' dir='ltr'><strong>forma</strong></span> <span class='ocrx_word' id='word_1_194' title='bbox 737 1496 926 1531; x_wconf 80' lang='lat' dir='ltr'><strong>exteriore</strong></span> <span class='ocrx_word' id='word_1_195' title='bbox 948 1507 1049 1541; x_wconf 78' lang='lat' dir='ltr'><strong>saepe</strong></span> <span class='ocrx_word' id='word_1_196' title='bbox 1076 1496 1270 1530; x_wconf 86' lang='lat' dir='ltr'><strong>obvenire.</strong></span> <span class='ocrx_word' id='word_1_197' title='bbox 1320 1496 1375 1529; x_wconf 89' lang='lat' dir='ltr'><strong>De</strong></span> <span class='ocrx_word' id='word_1_198' title='bbox 1401 1495 1547 1539; x_wconf 88' lang='lat' dir='ltr'><strong>Halym.</strong></span> <span class='ocrx_word' id='word_1_199' title='bbox 1575 1495 1663 1528; x_wconf 81' lang='lat' dir='ltr'><strong>Kal-</strong></span> 
     </span>
     <span class='ocr_line' id='line_1_25' title="bbox 128 1551 1665 1599; baseline -0.002 -11"><span class='ocrx_word' id='word_1_200' title='bbox 128 1554 358 1599; x_wconf 88' lang='lat' dir='ltr'><strong>lymenioide</strong></span> <span class='ocrx_word' id='word_1_201' title='bbox 386 1565 499 1599; x_wconf 86' lang='lat' dir='ltr'><strong>supra</strong></span> <span class='ocrx_word' id='word_1_202' title='bbox 525 1554 694 1588; x_wconf 84' lang='lat' dir='ltr'><strong>scribens</strong></span> <span class='ocrx_word' id='word_1_203' title='bbox 723 1553 768 1587; x_wconf 91' lang='lat' dir='ltr'><strong>de</strong></span> <span class='ocrx_word' id='word_1_204' title='bbox 788 1553 895 1598; x_wconf 84' lang='lat' dir='ltr'><strong>Algis</strong></span> <span class='ocrx_word' id='word_1_205' title='bbox 915 1553 1139 1597; x_wconf 86' lang='lat' dir='ltr'><strong>quibusdam</strong></span> <span class='ocrx_word' id='word_1_206' title='bbox 1158 1556 1315 1586; x_wconf 78' lang='lat' dir='ltr'><strong>externe</strong></span> <span class='ocrx_word' id='word_1_207' title='bbox 1336 1551 1543 1586; x_wconf 87' lang='lat' dir='ltr'><strong>simillimis</strong></span> <span class='ocrx_word' id='word_1_208' title='bbox 1563 1564 1665 1585; x_wconf 84' lang='lat' dir='ltr'><strong>men-</strong></span> 
     </span>
     <span class='ocr_line' id='line_1_26' title="bbox 129 1609 1666 1655; baseline -0.003 -9"><span class='ocrx_word' id='word_1_209' title='bbox 129 1613 267 1648; x_wconf 88' lang='lat' dir='ltr'><strong>tionem</strong></span> <span class='ocrx_word' id='word_1_210' title='bbox 295 1612 380 1654; x_wconf 76' lang='lat' dir='ltr'><strong>feei‚</strong></span> <span class='ocrx_word' id='word_1_211' title='bbox 407 1611 541 1655; x_wconf 84' lang='lat' dir='ltr'><strong>quibus</strong></span> <span class='ocrx_word' id='word_1_212' title='bbox 570 1615 728 1646; x_wconf 85' lang='lat' dir='ltr'><strong>externa</strong></span> <span class='ocrx_word' id='word_1_213' title='bbox 752 1611 846 1645; x_wconf 80' lang='lat' dir='ltr'><strong>facie</strong></span> <span class='ocrx_word' id='word_1_214' title='bbox 873 1612 1037 1645; x_wconf 81' lang='lat' dir='ltr'><strong>ducente</strong></span> <span class='ocrx_word' id='word_1_215' title='bbox 1064 1611 1132 1655; x_wconf 88' lang='lat' dir='ltr'><strong>Ep.</strong></span> <span class='ocrx_word' id='word_1_216' title='bbox 1153 1610 1460 1654; x_wconf 89' lang='lat' dir='ltr'><strong>Halymenioides</strong></span> <span class='ocrx_word' id='word_1_217' title='bbox 1479 1609 1666 1653; x_wconf 83' lang='lat' dir='ltr'><strong>proxima,</strong></span> 
     </span>
     <span class='ocr_line' id='line_1_27' title="bbox 129 1665 1664 1711; baseline -0.004 -7"><span class='ocrx_word' id='word_1_218' title='bbox 129 1669 160 1704; x_wconf 88' lang='lat' dir='ltr'><strong>si</strong></span> <span class='ocrx_word' id='word_1_219' title='bbox 187 1682 260 1705; x_wconf 92' lang='lat' dir='ltr'><strong>non</strong></span> <span class='ocrx_word' id='word_1_220' title='bbox 287 1668 467 1711; x_wconf 70' lang='lat' dir='ltr'><strong>idenffica,</strong></span> <span class='ocrx_word' id='word_1_221' title='bbox 495 1668 701 1703; x_wconf 88' lang='lat' dir='ltr'><strong>videretur.</strong></span> <span class='ocrx_word' id='word_1_222' title='bbox 754 1668 937 1702; x_wconf 76' lang='lat' dir='ltr'><strong>Dissectae</strong></span> <span class='ocrx_word' id='word_1_223' title='bbox 965 1679 1054 1702; x_wconf 91' lang='lat' dir='ltr'><strong>vero</strong></span> <span class='ocrx_word' id='word_1_224' title='bbox 1092 1670 1321 1700; x_wconf 75' lang='lat' dir='ltr'><strong>structuram</strong></span> <span class='ocrx_word' id='word_1_225' title='bbox 1358 1668 1573 1701; x_wconf 81' lang='lat' dir='ltr'><strong>monstrant</strong></span> <span class='ocrx_word' id='word_1_226' title='bbox 1611 1665 1664 1699; x_wconf 92' lang='lat' dir='ltr'><strong>di-</strong></span> 
     </span>
     <span class='ocr_line' id='line_1_28' title="bbox 129 1725 1665 1769; baseline -0.004 -7"><span class='ocrx_word' id='word_1_227' title='bbox 129 1728 399 1769; x_wconf 86' lang='lat' dir='ltr'><strong>versissimam,</strong></span> <span class='ocrx_word' id='word_1_228' title='bbox 426 1727 479 1760; x_wconf 87' lang='lat' dir='ltr'><strong>ita</strong></span> <span class='ocrx_word' id='word_1_229' title='bbox 504 1729 545 1760; x_wconf 94' lang='lat' dir='ltr'><strong>ut</strong></span> <span class='ocrx_word' id='word_1_230' title='bbox 571 1726 617 1760; x_wconf 91' lang='lat' dir='ltr'><strong>de</strong></span> <span class='ocrx_word' id='word_1_231' title='bbox 645 1738 790 1760; x_wconf 87' lang='lat' dir='ltr'><strong>summa</strong></span> <span class='ocrx_word' id='word_1_232' title='bbox 816 1725 1041 1760; x_wconf 85' lang='lat' dir='ltr'><strong>diversitate</strong></span> <span class='ocrx_word' id='word_1_233' title='bbox 1060 1725 1192 1758; x_wconf 88' lang='lat' dir='ltr'><strong>harum</strong></span> <span class='ocrx_word' id='word_1_234' title='bbox 1213 1725 1425 1769; x_wconf 85' lang='lat' dir='ltr'><strong>plantarum</strong></span> <span class='ocrx_word' id='word_1_235' title='bbox 1446 1735 1554 1757; x_wconf 85' lang='lat' dir='ltr'><strong>nemo</strong></span> <span class='ocrx_word' id='word_1_236' title='bbox 1576 1734 1665 1757; x_wconf 86' lang='lat' dir='ltr'><strong>sane</strong></span> 
     </span>
     <span class='ocr_line' id='line_1_29' title="bbox 127 1779 1664 1827; baseline -0.005 -8"><span class='ocrx_word' id='word_1_237' title='bbox 127 1784 291 1820; x_wconf 86' lang='lat' dir='ltr'><strong>dubitet.</strong></span> <span class='ocrx_word' id='word_1_238' title='bbox 341 1784 408 1818; x_wconf 89' lang='lat' dir='ltr'><strong>His</strong></span> <span class='ocrx_word' id='word_1_239' title='bbox 436 1795 525 1818; x_wconf 91' lang='lat' dir='ltr'><strong>vero</strong></span> <span class='ocrx_word' id='word_1_240' title='bbox 551 1783 686 1827; x_wconf 86' lang='lat' dir='ltr'><strong>positis</strong></span> <span class='ocrx_word' id='word_1_241' title='bbox 712 1785 835 1817; x_wconf 86' lang='lat' dir='ltr'><strong>restat</strong></span> <span class='ocrx_word' id='word_1_242' title='bbox 861 1783 906 1816; x_wconf 92' lang='lat' dir='ltr'><strong>de</strong></span> <span class='ocrx_word' id='word_1_243' title='bbox 933 1781 1113 1816; x_wconf 87' lang='lat' dir='ltr'><strong>affinitate</strong></span> <span class='ocrx_word' id='word_1_244' title='bbox 1141 1782 1209 1825; x_wconf 85' lang='lat' dir='ltr'><strong>Ep.</strong></span> <span class='ocrx_word' id='word_1_245' title='bbox 1238 1780 1543 1825; x_wconf 83' lang='lat' dir='ltr'><strong>Halymenioides</strong></span> <span class='ocrx_word' id='word_1_246' title='bbox 1566 1779 1664 1823; x_wconf 87' lang='lat' dir='ltr'><strong>judi-</strong></span> 
     </span>
     <span class='ocr_line' id='line_1_30' title="bbox 127 1837 1664 1887; baseline -0.005 -10"><span class='ocrx_word' id='word_1_247' title='bbox 127 1855 230 1879; x_wconf 84' lang='lat' dir='ltr'><strong>care:</strong></span> <span class='ocrx_word' id='word_1_248' title='bbox 257 1842 401 1887; x_wconf 78' lang='lat' dir='ltr'><strong>ignotis</strong></span> <span class='ocrx_word' id='word_1_249' title='bbox 440 1841 688 1885; x_wconf 85' lang='lat' dir='ltr'><strong>cystocarpiis</strong></span> <span class='ocrx_word' id='word_1_250' title='bbox 729 1852 879 1882; x_wconf 85' lang='lat' dir='ltr'><strong>vanum,</strong></span> <span class='ocrx_word' id='word_1_251' title='bbox 918 1851 976 1873; x_wconf 91' lang='lat' dir='ltr'><strong>me</strong></span> <span class='ocrx_word' id='word_1_252' title='bbox 1009 1839 1150 1883; x_wconf 74' lang='lat' dir='ltr'><strong>judice,</strong></span> <span class='ocrx_word' id='word_1_253' title='bbox 1190 1841 1248 1872; x_wconf 83' lang='lat' dir='ltr'><strong>est</strong></span> <span class='ocrx_word' id='word_1_254' title='bbox 1286 1838 1331 1871; x_wconf 90' lang='lat' dir='ltr'><strong>de</strong></span> <span class='ocrx_word' id='word_1_255' title='bbox 1368 1838 1437 1871; x_wconf 87' lang='lat' dir='ltr'><strong>hac</strong></span> <span class='ocrx_word' id='word_1_256' title='bbox 1465 1837 1664 1871; x_wconf 77' lang='lat' dir='ltr'><strong>disserere.</strong></span> 
     </span>
     <span class='ocr_line' id='line_1_31' title="bbox 128 1893 1665 1943; baseline -0.006 -9"><span class='ocrx_word' id='word_1_257' title='bbox 128 1900 183 1934; x_wconf 82' lang='lat' dir='ltr'><strong>Ob</strong></span> <span class='ocrx_word' id='word_1_258' title='bbox 211 1903 439 1934; x_wconf 83' lang='lat' dir='ltr'><strong>structuram</strong></span> <span class='ocrx_word' id='word_1_259' title='bbox 469 1902 507 1933; x_wconf 90' lang='lat' dir='ltr'><strong>et</strong></span> <span class='ocrx_word' id='word_1_260' title='bbox 535 1899 819 1943; x_wconf 86' lang='lat' dir='ltr'><strong>sphaerosporas</strong></span> <span class='ocrx_word' id='word_1_261' title='bbox 846 1896 883 1930; x_wconf 89' lang='lat' dir='ltr'><strong>in</strong></span> <span class='ocrx_word' id='word_1_262' title='bbox 912 1896 1051 1941; x_wconf 82' lang='lat' dir='ltr'><strong>phyllis</strong></span> <span class='ocrx_word' id='word_1_263' title='bbox 1078 1896 1326 1930; x_wconf 77' lang='lat' dir='ltr'><strong>obvenientes</strong></span> <span class='ocrx_word' id='word_1_264' title='bbox 1354 1894 1399 1927; x_wconf 80' lang='lat' dir='ltr'><strong>ad</strong></span> <span class='ocrx_word' id='word_1_265' title='bbox 1419 1893 1665 1938; x_wconf 82' lang='lat' dir='ltr'><strong>Epymeniam</strong></span> 
     </span>
     <span class='ocr_line' id='line_1_32' title="bbox 127 1950 1664 2001; baseline -0.005 -10"><span class='ocrx_word' id='word_1_266' title='bbox 127 1957 253 1997; x_wconf 66' lang='lat' dir='ltr'><strong>retuli,</strong></span> <span class='ocrx_word' id='word_1_267' title='bbox 281 1969 301 1990; x_wconf 86' lang='lat' dir='ltr'><strong>a</strong></span> <span class='ocrx_word' id='word_1_268' title='bbox 327 1968 399 2001; x_wconf 80' lang='lat' dir='ltr'><strong>qua</strong></span> <span class='ocrx_word' id='word_1_269' title='bbox 425 1967 513 1990; x_wconf 91' lang='lat' dir='ltr'><strong>vero</strong></span> <span class='ocrx_word' id='word_1_270' title='bbox 541 1955 670 1989; x_wconf 84' lang='lat' dir='ltr'><strong>statim</strong></span> <span class='ocrx_word' id='word_1_271' title='bbox 696 1954 944 1998; x_wconf 79' lang='lat' dir='ltr'><strong>dignoscatur</strong></span> <span class='ocrx_word' id='word_1_272' title='bbox 970 1953 1119 1987; x_wconf 82' lang='lat' dir='ltr'><strong>defectu</strong></span> <span class='ocrx_word' id='word_1_273' title='bbox 1147 1955 1274 1986; x_wconf 68' lang='lat' dir='ltr'><strong>costae.</strong></span> <span class='ocrx_word' id='word_1_274' title='bbox 1310 1952 1369 1984; x_wconf 91' lang='lat' dir='ltr'><strong>An</strong></span> <span class='ocrx_word' id='word_1_275' title='bbox 1396 1962 1478 1984; x_wconf 84' lang='lat' dir='ltr'><strong>eum</strong></span> <span class='ocrx_word' id='word_1_276' title='bbox 1505 1950 1664 1994; x_wconf 81' lang='lat' dir='ltr'><strong>Epyme-</strong></span> 
     </span>
     <span class='ocr_line' id='line_1_33' title="bbox 134 2009 1246 2058; baseline -0.006 -8"><span class='ocrx_word' id='word_1_277' title='bbox 134 2016 196 2050; x_wconf 89' lang='lat' dir='ltr'><strong>nia</strong></span> <span class='ocrx_word' id='word_1_278' title='bbox 222 2015 411 2049; x_wconf 81' lang='lat' dir='ltr'><strong>variolosa</strong></span> <span class='ocrx_word' id='word_1_279' title='bbox 436 2025 559 2058; x_wconf 83' lang='lat' dir='ltr'><strong>genus</strong></span> <span class='ocrx_word' id='word_1_280' title='bbox 587 2012 643 2047; x_wconf 89' lang='lat' dir='ltr'><strong>sui</strong></span> <span class='ocrx_word' id='word_1_281' title='bbox 666 2012 762 2057; x_wconf 86' lang='lat' dir='ltr'><strong>juris</strong></span> <span class='ocrx_word' id='word_1_282' title='bbox 789 2012 939 2045; x_wconf 88' lang='lat' dir='ltr'><strong>demum</strong></span> <span class='ocrx_word' id='word_1_283' title='bbox 965 2009 1246 2045; x_wconf 80' lang='lat' dir='ltr'><strong>constitueret?</strong></span> 
     </span>
    </p>
   </div>
   <div class='ocr_carea' id='block_1_3' title="bbox 134 2109 452 2162">
    <p class='ocr_par' dir='ltr' id='par_1_5' title="bbox 134 2109 452 2162">
     <span class='ocr_line' id='line_1_34' title="bbox 134 2109 452 2162; baseline -0.009 -11"><span class='ocrx_word' id='word_1_284' title='bbox 134 2109 188 2151; x_wconf 85' lang='lat' dir='ltr'><strong>ad</strong></span> <span class='ocrx_word' id='word_1_285' title='bbox 223 2123 318 2162; x_wconf 83' lang='lat' dir='ltr'><strong>pag.</strong></span> <span class='ocrx_word' id='word_1_286' title='bbox 351 2109 452 2149; x_wconf 72' lang='lat'><strong>3482</strong></span> 
     </span>
    </p>
   </div>
   <div class='ocr_carea' id='block_1_4' title="bbox 136 2202 1666 2324">
    <p class='ocr_par' dir='ltr' id='par_1_6' title="bbox 136 2202 1666 2324">
     <span class='ocr_line' id='line_1_35' title="bbox 136 2202 1666 2261; baseline -0.008 -6"><span class='ocrx_word' id='word_1_287' title='bbox 136 2214 381 2255; x_wconf 74' lang='lat' dir='ltr'><strong>PLocAMIUM</strong></span> <span class='ocrx_word' id='word_1_288' title='bbox 414 2226 668 2253; x_wconf 67' lang='lat' dir='ltr'><strong>BlsnaRArUM</strong></span> <span class='ocrx_word' id='word_1_289' title='bbox 707 2210 862 2252; x_wconf 63' lang='lat' dir='ltr'><strong>Da&#39;ckie</strong></span> <span class='ocrx_word' id='word_1_290' title='bbox 893 2224 945 2250; x_wconf 75' lang='lat' dir='ltr'><strong>on</strong></span> <span class='ocrx_word' id='word_1_291' title='bbox 981 2208 1103 2261; x_wconf 69' lang='lat' dir='ltr'><strong>Alsjce</strong></span> <span class='ocrx_word' id='word_1_292' title='bbox 1142 2207 1334 2249; x_wconf 74' lang='lat' dir='ltr'><strong>collected</strong></span> <span class='ocrx_word' id='word_1_293' title='bbox 1364 2209 1408 2247; x_wconf 68' lang='lat' dir='ltr'><strong>at</strong></span> <span class='ocrx_word' id='word_1_294' title='bbox 1439 2205 1502 2245; x_wconf 61' lang='lat' dir='ltr'><strong>tlte</strong></span> <span class='ocrx_word' id='word_1_295' title='bbox 1533 2202 1666 2255; x_wconf 68' lang='lat' dir='ltr'><strong>Cape-</strong></span> 
     </span>
     <span class='ocr_line' id='line_1_36' title="bbox 246 2281 587 2324; baseline -0.009 -1"><span class='ocrx_word' id='word_1_296' title='bbox 246 2281 587 2324; x_wconf 68' lang='lat' dir='ltr'><strong>verde-Islands.</strong></span> 
     </span>
    </p>
   </div>
   <div class='ocr_carea' id='block_1_5' title="bbox 135 2390 1648 2452">
    <p class='ocr_par' dir='ltr' id='par_1_7' title="bbox 135 2390 1648 2452">
     <span class='ocr_line' id='line_1_37' title="bbox 135 2390 1648 2452; baseline -0.008 -13"><span class='ocrx_word' id='word_1_297' title='bbox 135 2413 229 2452; x_wconf 79' lang='lat' dir='ltr'><strong>pag.</strong></span> <span class='ocrx_word' id='word_1_298' title='bbox 263 2398 344 2438; x_wconf 71' lang='lat'><strong>360</strong></span> <span class='ocrx_word' id='word_1_299' title='bbox 376 2401 422 2437; x_wconf 90' lang='lat' dir='ltr'><strong>ut</strong></span> <span class='ocrx_word' id='word_1_300' title='bbox 453 2396 685 2437; x_wconf 78' lang='lat' dir='ltr'><strong>sectionem</strong></span> <span class='ocrx_word' id='word_1_301' title='bbox 718 2395 937 2449; x_wconf 86' lang='lat' dir='ltr'><strong>propriam</strong></span> <span class='ocrx_word' id='word_1_302' title='bbox 973 2393 1151 2448; x_wconf 81' lang='lat' dir='ltr'><strong>Generis</strong></span> <span class='ocrx_word' id='word_1_303' title='bbox 1183 2391 1379 2439; x_wconf 77' lang='lat' dir='ltr'><strong>efficiens,</strong></span> <span class='ocrx_word' id='word_1_304' title='bbox 1413 2390 1648 2429; x_wconf 69' lang='lat' dir='ltr'><strong>inseratur:</strong></span> 
     </span>
    </p>
   </div>
   <div class='ocr_carea' id='block_1_6' title="bbox 136 2492 1670 2896">
    <p class='ocr_par' dir='ltr' id='par_1_8' title="bbox 136 2492 1670 2896">
     <span class='ocr_line' id='line_1_38' title="bbox 136 2492 1669 2553; baseline -0.009 -9"><span class='ocrx_word' id='word_1_305' title='bbox 136 2504 455 2544; x_wconf 80' lang='lat' dir='ltr'>RHODOPHYLLIS</span> <span class='ocrx_word' id='word_1_306' title='bbox 490 2514 613 2541; x_wconf 71' lang='lat' dir='ltr'><strong>neosA</strong></span> <span class='ocrx_word' id='word_1_307' title='bbox 645 2500 705 2553; x_wconf 88' lang='lat' dir='ltr'><strong>(J.</strong></span> <span class='ocrx_word' id='word_1_308' title='bbox 736 2501 817 2552; x_wconf 66' lang='lat' dir='ltr'><strong>Ay.</strong></span> <span class='ocrx_word' id='word_1_309' title='bbox 840 2500 986 2551; x_wconf 70' lang='lat' dir='ltr'><strong>mser.)</strong></span> <span class='ocrx_word' id='word_1_310' title='bbox 1009 2496 1287 2550; x_wconf 82' lang='lat' dir='ltr'><strong>rigidiuscula</strong></span> <span class='ocrx_word' id='word_1_311' title='bbox 1309 2493 1483 2534; x_wconf 86' lang='lat' dir='ltr'><strong>linearis</strong></span> <span class='ocrx_word' id='word_1_312' title='bbox 1506 2492 1669 2532; x_wconf 86' lang='lat' dir='ltr'><strong>inferne</strong></span> 
     </span>
     <span class='ocr_line' id='line_1_39' title="bbox 246 2561 1669 2621; baseline -0.008 -10"><span class='ocrx_word' id='word_1_313' title='bbox 246 2571 387 2621; x_wconf 70' lang='lat' dir='ltr'><strong>latior,</strong></span> <span class='ocrx_word' id='word_1_314' title='bbox 412 2584 581 2610; x_wconf 88' lang='lat' dir='ltr'><strong>sursum</strong></span> <span class='ocrx_word' id='word_1_315' title='bbox 615 2569 771 2609; x_wconf 87' lang='lat' dir='ltr'><strong>sensim</strong></span> <span class='ocrx_word' id='word_1_316' title='bbox 804 2571 1039 2610; x_wconf 70' lang='lat' dir='ltr'><strong>attenuata,</strong></span> <span class='ocrx_word' id='word_1_317' title='bbox 1064 2564 1212 2605; x_wconf 84' lang='lat' dir='ltr'><strong>fronde</strong></span> <span class='ocrx_word' id='word_1_318' title='bbox 1236 2563 1478 2604; x_wconf 78' lang='lat' dir='ltr'><strong>dichotoma</strong></span> <span class='ocrx_word' id='word_1_319' title='bbox 1499 2561 1669 2601; x_wconf 90' lang='lat' dir='ltr'><strong>demum</strong></span> 
     </span>
     <span class='ocr_line' id='line_1_40' title="bbox 248 2628 1670 2691; baseline -0.008 -12"><span class='ocrx_word' id='word_1_320' title='bbox 248 2639 523 2691; x_wconf 79' lang='lat' dir='ltr'><strong>subpiunata,</strong></span> <span class='ocrx_word' id='word_1_321' title='bbox 556 2637 784 2690; x_wconf 85' lang='lat' dir='ltr'><strong>segmentis</strong></span> <span class='ocrx_word' id='word_1_322' title='bbox 825 2634 1077 2676; x_wconf 83' lang='lat' dir='ltr'><strong>lateralibus</strong></span> <span class='ocrx_word' id='word_1_323' title='bbox 1109 2630 1382 2679; x_wconf 77' lang='lat' dir='ltr'><strong>abbreviatis,</strong></span> <span class='ocrx_word' id='word_1_324' title='bbox 1410 2628 1670 2683; x_wconf 79' lang='lat' dir='ltr'><strong>juvenilibus</strong></span> 
     </span>
     <span class='ocr_line' id='line_1_41' title="bbox 250 2697 1669 2754; baseline -0.008 -6"><span class='ocrx_word' id='word_1_325' title='bbox 250 2706 588 2753; x_wconf 71' lang='lat' dir='ltr'><strong>dentiformibus,</strong></span> <span class='ocrx_word' id='word_1_326' title='bbox 622 2705 907 2745; x_wconf 87' lang='lat' dir='ltr'><strong>adultioribus</strong></span> <span class='ocrx_word' id='word_1_327' title='bbox 939 2701 1202 2754; x_wconf 80' lang='lat' dir='ltr'><strong>simplicibus</strong></span> <span class='ocrx_word' id='word_1_328' title='bbox 1231 2698 1394 2740; x_wconf 89' lang='lat' dir='ltr'><strong>obtusis</strong></span> <span class='ocrx_word' id='word_1_329' title='bbox 1417 2701 1492 2737; x_wconf 85' lang='lat' dir='ltr'><strong>aut</strong></span> <span class='ocrx_word' id='word_1_330' title='bbox 1514 2697 1669 2737; x_wconf 86' lang='lat' dir='ltr'><strong>sensim</strong></span> 
     </span>
     <span class='ocr_line' id='line_1_42' title="bbox 249 2765 1668 2823; baseline -0.009 -7"><span class='ocrx_word' id='word_1_331' title='bbox 249 2773 801 2821; x_wconf 71' lang='lat' dir='ltr'><strong>subtrumeato-bidentatis,</strong></span> <span class='ocrx_word' id='word_1_332' title='bbox 834 2772 1090 2823; x_wconf 76' lang='lat' dir='ltr'><strong>demumque</strong></span> <span class='ocrx_word' id='word_1_333' title='bbox 1129 2767 1343 2821; x_wconf 76' lang='lat' dir='ltr'><strong>praecipue</strong></span> <span class='ocrx_word' id='word_1_334' title='bbox 1375 2765 1575 2805; x_wconf 82' lang='lat' dir='ltr'><strong>deorsum</strong></span> <span class='ocrx_word' id='word_1_335' title='bbox 1607 2765 1668 2804; x_wconf 79' lang='lat' dir='ltr'><strong>la-</strong></span> 
     </span>
     <span class='ocr_line' id='line_1_43' title="bbox 249 2831 1670 2896; baseline -0.01 -10"><span class='ocrx_word' id='word_1_336' title='bbox 249 2843 429 2894; x_wconf 70' lang='lat' dir='ltr'><strong>ciniatis,</strong></span> <span class='ocrx_word' id='word_1_337' title='bbox 464 2840 742 2896; x_wconf 80' lang='lat' dir='ltr'><strong>cystocarpiis</strong></span> <span class='ocrx_word' id='word_1_338' title='bbox 773 2839 994 2883; x_wconf 85' lang='lat' dir='ltr'><strong>sessilibus</strong></span> <span class='ocrx_word' id='word_1_339' title='bbox 1016 2841 1138 2880; x_wconf 85' lang='lat' dir='ltr'><strong>extra</strong></span> <span class='ocrx_word' id='word_1_340' title='bbox 1159 2835 1396 2889; x_wconf 79' lang='lat' dir='ltr'><strong>marginem</strong></span> <span class='ocrx_word' id='word_1_341' title='bbox 1418 2831 1670 2888; x_wconf 85' lang='lat' dir='ltr'><strong>prominulis</strong></span> 
     </span>
    </p>
   </div>
  </div>
 </body>
</html>
