1757 3114
89 85 364 127 Plocammm.
659 87 1042 129 RHODYMENIAOEAE.
1535 91 1614 132 339

81 201 121 250 β.
154 213 395 240 FLEXUOSUM
427 199 603 240 rachide
650 201 800 242 eximie
845 200 1050 251 flexuosa,
1096 202 1236 254 pinnis
1282 202 1528 244 adventitiis
1560 204 1614 245 ab

196 267 332 308 altero
378 269 574 320 margine
620 269 663 308 in
707 272 832 322 parte
877 267 1079 309 inferiore
1125 283 1236 323 saepe
1267 271 1616 323 provenientibus

194 349 290 376 eum
323 335 588 377 normalibus
620 337 936 378 alternantibus
967 340 1044 377 aut
1074 351 1187 391 saepe
1218 339 1438 391 oppositis⁷
1468 339 1617 380 infima

179 403 505 445 alternantium
537 406 702 457 patenti
733 409 810 446 aut
846 405 998 446 leviter
1045 405 1233 447 incurva.
1285 407 1353 449 Pl.
1385 409 1613 449 coccineum

192 486 281 513 var.
304 473 547 524 flexuoswn
580 473 715 515 Hem).
749 474 774 515 l.
806 487 837 515 c.
863 487 910 526 17.
945 474 1036 514 124.

78 591 116 630 γ.
148 590 422 618 REOURVATUM
453 577 605 619 fronde
637 578 809 619 demum
840 579 1081 621 incrassata
1127 580 1506 636 subcartilaginea,
1545 596 1616 623 ra-

192 645 316 686 chide
348 646 652 691 strictiuscula,
686 648 916 700 pinnarum
948 647 1260 690 alternantium
1291 649 1438 691 infima
1469 665 1615 693 recur-

194 719 293 756 vata
324 715 597 757 circinnatim
628 716 834 758 revoluta.

246 796 356 838 Hab.
389 797 443 837 ad
477 797 752 839 Tasmaniam
784 802 826 839 et
857 798 1021 840 Novam
1052 799 1314 841 Zelandiam.

166 875 272 909 Inter
297 875 435 910 formas
463 876 597 911 allatas
624 876 809 912 transitus
837 877 1034 912 evidentes
1061 878 1156 919 vidi3
1195 882 1234 914 et
1260 880 1432 915 diversas
1459 892 1479 914 a
1504 883 1614 918 modo

74 933 269 966 crescendi
295 934 497 977 provenire
523 934 628 968 finxi.
678 935 817 969 Pinnas
851 938 975 970 rectas
1004 939 1042 970 et
1067 941 1287 972 recurvatas
1313 938 1353 972 in
1380 939 1510 973 eodem
1531 951 1613 985 spe-

73 990 209 1024 cimine
235 991 430 1035 obvenire,
467 991 624 1026 formam
660 994 781 1038 magis
818 994 1011 1028 fortuitam
1050 1005 1134 1029 esse
1173 996 1423 1031 demonstrat.
1473 997 1612 1032 Rachis

73 1047 240 1081 flexuosa
264 1048 303 1081 in
330 1049 600 1093 speciminibus
637 1051 837 1095 pinnarum
875 1052 1149 1087 alternantium
1185 1065 1342 1089 numero
1369 1058 1408 1088 et
1439 1055 1611 1090 adventi—

72 1104 210 1138 tiorum
236 1109 425 1150 proventu
451 1106 732 1142 luxuriantibus
760 1119 860 1153 saepe
879 1109 1051 1149 obvenit3
1078 1109 1231 1145 frondes
1257 1111 1324 1145 has
1344 1123 1364 1145 a
1382 1111 1457 1145 situ
1484 1123 1612 1157 arrep—

73 1165 130 1195 tas
151 1183 191 1186 —
209 1165 251 1196 ut
268 1162 398 1197 multis
419 1163 503 1197 aliis
523 1164 620 1209 algis
639 1176 717 1200 mos
734 1168 792 1199 est
810 1186 850 1190 ‹—
870 1167 909 1200 in
928 1167 1104 1211 caespites
1124 1168 1299 1212 globosos
1320 1169 1490 1204 evolutas
1506 1169 1611 1204 finxi.

74 1219 244 1264 Speciem
271 1219 341 1254 hoc
369 1223 469 1254 statu
496 1221 541 1255 ad
568 1233 652 1256 oras
678 1222 889 1258 Tasmaniae
916 1224 1152 1268 frequentem
1179 1228 1328 1260 tantum
1355 1227 1525 1261 sterilem
1546 1227 1613 1262 hu-

72 1287 210 1319 cusque
250 1276 441 1311 viderunt.
492 1278 707 1322 Specimina
743 1280 886 1314 fertilia
922 1284 1068 1316 tantum
1108 1294 1126 1316 e
1158 1283 1264 1318 Nova
1300 1284 1484 1318 Zelandia
1520 1285 1611 1319 vidi.

71 1332 162 1366 Haec
190 1334 405 1368 substantia
430 1334 575 1369 frondis
604 1339 641 1370 et
667 1335 786 1370 forma
822 1337 1063 1381 pinnularum
1102 1351 1186 1374 cum
1217 1340 1272 1374 Pl.
1300 1341 1486 1376 crucifero
1512 1341 1613 1376 haud

71 1401 201 1434 parum
229 1390 477 1427 conveniunt:
505 1391 632 1435 pinnis
659 1404 749 1428 vero
774 1397 996 1429 constanter
1021 1397 1246 1441 numerosis,
1283 1397 1413 1433 infima
1445 1399 1506 1433 hic
1531 1399 1612 1433 illic

70 1451 284 1492 recurvata,
311 1451 350 1483 et
375 1450 630 1494 sporophyllis
658 1452 857 1486 admodum
877 1453 1039 1488 diversis
1059 1454 1318 1500 dignoscatur.
1353 1457 1499 1492 Nomen
1517 1457 1611 1492 Kin-

71 1505 199 1550 zingfi,
220 1509 352 1550 utpote
372 1507 419 1541 ad
438 1518 566 1542 omnes
586 1508 725 1543 formas
744 1509 879 1545 melius
899 1511 1145 1556 conveniens,
1158 1513 1382 1558 Harveyano
1397 1515 1609 1559 anteposui.

71 1600 108 1639 4.
141 1599 210 1640 PL.
243 1613 477 1641 OOCCINEUM
508 1601 673 1654 (anls.
705 1601 832 1656 Anyl.
855 1618 903 1656 p.
938 1605 1040 1660 586)
1072 1605 1225 1648 fronde
1247 1611 1431 1661 anguste
1452 1607 1609 1649 lineari

183 1673 376 1709 ecostata
407 1669 913 1724 decomposito-pinnata,
950 1675 1091 1727 pinnis
1133 1675 1302 1717 alterne
1333 1678 1469 1719 ternis
1501 1692 1609 1732 qua-

184 1738 385 1788 ternisve,
418 1738 623 1780 inferiore
655 1739 911 1794 laciniisque
956 1743 1227 1796 superiorum
1258 1758 1284 1785 a
1315 1745 1410 1787 basi
1454 1760 1611 1799 parum

183 1806 338 1847 latiore
369 1808 626 1848 acuminatis
659 1809 873 1853 subulatis
908 1811 1208 1865 integerrimis,
1232 1814 1609 1869 sporophyllorum

183 1874 398 1916 fruticulis
430 1876 811 1919 transformatione
850 1879 1140 1931 pinnellarum
1179 1883 1450 1935 superiorum
1490 1884 1609 1935 ortis,

184 1956 305 1984 secus
337 1944 556 1997 margines
587 1946 773 1997 seriatis,
814 1948 1101 2002 sporophyllis
1140 1951 1320 2004 singulis
1360 1966 1493 2006 supra
1532 1954 1608 1994 sti-

181 2012 312 2064 pitem
343 2012 594 2055 lanceolatis
627 2014 971 2068 siinpliciusculis
1003 2021 1080 2059 aut
1109 2018 1223 2060 infra
1253 2021 1418 2073 apicem
1450 2022 1493 2062 in
1514 2023 1606 2075 api-

183 2079 300 2121 culos
331 2095 490 2133 paucos
522 2082 793 2129 abeuntibus,
825 2084 987 2138 duplici
1009 2086 1118 2128 serie
1141 2087 1465 2142 sphaerosporas
1488 2104 1607 2131 mon-

184 2149 437 2190 strantibus.
469 2150 514 2192 J.
547 2150 628 2203 Agl.
665 2151 735 2204 Sp.
762 2167 806 2205 2).
838 2153 933 2194 395.
974 2154 1049 2196 LI).
1097 2155 1236 2209 Hgydr.
1283 2157 1365 2198 fab.
1398 2160 1435 2198 9.
1482 2158 1606 2200 (ἔντη).

182 2216 278 2268 Alps.
312 2217 393 2259 Br.
425 2218 507 2259 tab.
544 2219 659 2261 XII.
694 2220 831 2263 Ham).
860 2222 990 2276 Phyc.
1014 2223 1097 2265 tab.
1127 2225 1192 2265 44.
1228 2225 1372 2268 Εασαε
1392 2229 1606 2270 coccineus

153 2310 155 2312 -
183 2284 350 2335 Huds.;
388 2286 518 2328 Turn.
553 2288 669 2330 Hist.
702 2289 783 2330 tab.
817 2291 880 2330 59.

336 2378 520 2420 Variat.:

70 2470 310 2499 UNCINATUM
340 2458 493 2501 fronde
523 2463 841 2515 angustissima,
874 2465 1050 2506 rachide
1081 2466 1354 2508 subfiliformi
1398 2467 1602 2519 flexuosa,

181 2526 323 2578 pinnis
367 2529 616 2580 patentibus
662 2536 737 2572 aut
781 2533 1065 2575 subrecurvis.
1112 2534 1156 2576 J.
1204 2536 1284 2587 Ass.
1331 2536 1355 2577 l.
1386 2551 1418 2577 c.
1467 2537 1603 2580 Ham).

187 2594 314 2647 Phyc.
345 2595 370 2636 Z.
403 2609 433 2637 c.
453 2597 530 2650 fiy.
562 2599 598 2639 9.
634 2598 703 2640 Pl.
734 2601 886 2642 subtile
920 2602 1049 2643 Kritz.
1082 2604 1164 2644 tab.
1201 2603 1319 2656 Pla-esc
1361 2605 1446 2646 Vol.
1483 2606 1610 2649 XVI

181 2663 264 2703 tab.
295 2664 360 2704 42.
393 2667 435 2705 et
472 2664 540 2706 Pl.
571 2668 819 2710 anomalum
852 2669 981 2711 Kritz.
1012 2671 1098 2711 ihm
1128 2671 1211 2711 tal).
1243 2673 1309 2712 44.

182 2743 292 2785 Hab.
324 2744 367 2785 in
401 2744 571 2787 Oceano
602 2748 809 2791 atlantico
840 2754 882 2790 et
903 2750 1081 2804 pacifico
1104 2753 1343 2805 superiore3
1375 2767 1430 2795 an
1451 2755 1602 2797 eadem

333 2814 374 2853 in
406 2816 517 2855 mari
547 2817 749 2858 australi?

1409 2890 1471 2923 22*
