1762 3036
109 86 400 139 Grateloupia.
671 83 1067 126 CRYPTONEMIACEAE.
1565 87 1639 127 151

109 200 486 242 2.GR.ST1P1TATA
525 198 592 252 (J.
640 198 722 251 Ay.
767 199 914 252 mser.)
958 196 1187 241 frondibus
1232 200 1468 253 caespitosis
1515 200 1643 254 longe

220 266 423 320 stipitatis
456 266 899 308 cuneato-linearibus
938 266 1287 319 silnpliciusculis
1328 272 1405 308 aut
1442 269 1643 321 parcissi-

217 350 283 377 me
314 335 506 388 fui-catis,
555 336 728 378 demum
773 335 931 390 phyllis
964 349 990 375 a
1020 336 1216 390 margine
1255 341 1298 378 et
1337 337 1453 379 disco
1485 338 1642 390 stipitis

217 408 291 446 aut
322 404 377 446 ab
409 404 530 458 apice
562 408 774 446 truncatae
807 404 974 445 frondis
1007 404 1358 457 provenientibus
1381 405 1642 459 adparentei·

162 500 171 509 «
215 475 395 529 pinnata
425 478 501 516 aut
531 474 845 529 polychotoma,
878 473 1036 528 phyllis
1069 489 1202 528 snpra
1224 475 1412 529 stipitem
1434 475 1642 517 linearem

214 543 600 585 lineari-cuneatis.
636 542 861 586 Nemast?
892 546 1113 584 attenuata
1145 543 1282 585 Harv.
1318 543 1389 585 Fl.
1425 544 1530 586 Nov.
1555 543 1641 585 Zel.

207 626 254 665 2).
287 613 395 653 255?

362 680 473 722 Hab.
507 681 562 722 ad
593 680 758 722 Novam
790 679 1040 722 Zelandiam
1073 679 1373 735 (Berggrenl).

189 761 267 796 Nec
293 761 389 795 hanc
416 761 581 806 speciem
609 760 939 795 distinctissimam
966 772 1051 795 cuin
1078 760 1275 804 speciebus
1303 772 1324 794 a
1347 761 1499 805 Hervey
1523 760 1563 795 in
1581 760 1638 795 Fl.

98 819 191 854 Nov.
219 819 297 853 Zel.
325 818 530 864 descriptis
558 829 770 863 congruere
798 817 959 861 credidi,
985 817 1060 851 nisi
1086 818 1130 852 N.
1152 820 1350 852 attenuata
1374 818 1506 861 Harv.‚
1533 818 1639 863 cujus

96 878 244 910 tantum
269 888 356 921 pars
385 875 529 911 frondis
557 875 712 921 cognita
737 875 904 919 videtur,
931 875 1167 909 conveniret.
1202 875 1246 910 N.
1267 874 1502 909 intestinalis
1521 875 1637 910 Harv.

96 944 218 977 neque
254 932 543 976 ramifioatione,
582 944 705 976 neque
745 933 961 967 substantia
998 931 1105 966 tenui
1131 931 1170 965 in
1197 935 1367 967 nostram
1398 933 1495 967 bene
1522 932 1636 967 cadit.

94 990 137 1024 In
165 992 297 1025 nostra
323 993 485 1024 stratum
510 989 672 1024 interius
706 989 780 1024 filis
819 988 940 1023 laxius
978 988 1202 1024 intertextis
1239 989 1575 1035 longitudinaliter
1601 993 1640 1023 et

94 1048 407 1083 transversaliter
433 1047 747 1087 excurrentibus3
774 1046 1047 1081 intermedium
1072 1046 1146 1080 filis
1180 1046 1420 1081 brevioribus
1458 1046 1637 1081 reticula-

99 1105 168 1139 tim
194 1104 312 1139 dense
339 1104 573 1149 conjunctis3
601 1103 782 1138 corticale
809 1104 973 1147 denique
1000 1103 1075 1138 filis
1108 1104 1441 1148 moniliformibus,
1467 1104 1638 1150 gelatina

98 1161 162 1195 vix
190 1162 312 1196 soluta
339 1161 531 1205 cohibitis,
559 1160 734 1195 crassitie
761 1161 807 1195 ab
833 1160 879 1195 iis
907 1161 1020 1195 strati
1056 1161 1278 1195 intermedii
1316 1160 1439 1195 minus
1473 1162 1636 1196 diversis

94 1221 315 1254 contextum
342 1218 556 1253 observavi.
607 1217 899 1262 Spliaerosporas
939 1217 1237 1252 subrotundatas
1269 1217 1469 1252 cruciatim
1494 1218 1635 1253 divisas

93 1275 131 1309 in
159 1278 281 1311 strato
307 1275 480 1310 corticali
507 1286 657 1319 sparsas
685 1274 776 1308 vidi.

93 1381 147 1422 II.
179 1381 443 1423 GLOIOGENIA
480 1381 642 1435 fronde
688 1381 838 1422 eximie
880 1380 1123 1434 yelatfz'nosa
1159 1381 1378 1435 facillime
1424 1381 1637 1424 dissoluta

207 1450 424 1501 coccineas
440 1449 726 1503 complanata,
765 1450 984 1502 pinnatim
1024 1450 1320 1503 decomposita.
1353 1463 1464 1503 scepe
1496 1465 1635 1492 ramo-

205 1521 411 1562 sissiwa:
443 1520 573 1561 strati
602 1519 822 1560 interioris
842 1519 940 1573 filis
971 1519 1096 1561 dense
1117 1520 1538 1562 anastomosantehus
1571 1535 1634 1561 re-

206 1588 414 1630 ticulatim
436 1588 680 1641 conjunctis,
704 1587 874 1628 elastiee
905 1587 1239 1637 diss÷eclent1'b2⁶s;
1271 1590 1549 1641 eystocaipiis
1571 1589 1636 1631 hic

205 1657 297 1698 illic
327 1658 572 1710 ciam-eyatis
604 1659 678 1697 aut
699 1670 782 1708 per
813 1659 943 1698 totam
964 1656 1167 1710 frondem
1199 1659 1382 1709 sparsis.

90 1749 127 1789 3.
162 1748 237 1790 GR.
271 1761 449 1788 PINNATA
481 1747 640 1801 (Hook.
673 1750 711 1788 et
741 1747 879 1789 Harv.
916 1746 988 1789 Fl.
1025 1748 1129 1790 Nov.
1164 1748 1250 1790 Zel.
1274 1763 1322 1801 p.
1346 1749 1449 1805 255)
1481 1749 1633 1791 fronde

202 1816 356 1858 eximie
390 1815 634 1869 gelatinosa
664 1815 869 1857 facillime
894 1816 1106 1858 dissoluta
1128 1818 1418 1859 crassiuscula
1442 1818 1632 1872 compla-

206 1888 310 1926 nata
340 1885 552 1937 pinnatim
585 1884 879 1938 decomposita
910 1889 986 1926 ant
1006 1886 1144 1939 magis
1167 1900 1273 1940 vage
1294 1886 1512 1935 laciniam,
1538 1902 1632 1941 seg-

203 1954 360 1994 mentis
392 1953 621 1995 latioribus
652 1952 905 1995 lanceolatis
928 1954 1124 2008 margine
1147 1955 1336 1997 dentatis
1360 1960 1436 1997 aut
1458 1956 1630 2001 cuiatis,

202 2035 316 2063 nunc
363 2021 685 2075 angustioribus
731 2022 976 2071 linearibus„
1010 2023 1152 2076 pinnis
1198 2022 1287 2064 fere
1331 2024 1630 2067 ciliiformibus

203 2090 525 2144 patentissimis,
558 2091 838 2145 cystocarpiis
871 2091 913 2131 in
947 2105 1068 2132 soros
1101 2092 1338 2146 conjunctis
1370 2097 1446 2134 aut
1466 2107 1543 2146 per
1564 2098 1630 2135 to-

203 2162 293 2199 tam
338 2157 536 2200 frondem
575 2157 853 2201 densissimis.
906 2159 1182 2202 Nemastoma
1207 2162 1398 2214 pinnata
1431 2161 1568 2204 Harc.
1604 2163 1627 2203 l.

203 2240 234 2268 c.
266 2226 348 2267 tab.
382 2226 480 2268 120!

258 2305 442 2347 Variat:

87 2388 137 2441 a)
170 2400 348 2428 PINNATA
379 2387 531 2430 fronde
563 2393 751 2443 angusta
790 2390 1000 2444 pinnatim
1041 2391 1334 2446 decomposita
1371 2394 1513 2446 pinnis
1551 2408 1628 2447 pa-

200 2455 454 2498 tentissimis
485 2462 668 2511 anguste
699 2459 951 2509 linearibus
983 2460 1186 2513 pinnellis
1218 2461 1380 2503 ultimis
1409 2461 1498 2504 fere
1521 2463 1626 2505 cilii-

200 2523 422 2566 formibus.
458 2526 512 2567 N.
536 2528 727 2579 mazariam
761 2528 895 2570 Hook.
927 2533 964 2570 et
996 2529 1054 2570 H.
1086 2529 1112 2570 Z.
1144 2543 1176 2570 e.

88 2604 128 2656 b)
161 2617 462 2645 ENDIVIAEFOLIA
483 2604 636 2648 fronde
658 2607 813 2649 latiore
836 2608 1049 2661 pinnatim
1071 2608 1364 2662 decomposita
1395 2625 1506 2651 nunc
1528 2611 1626 2653 laxe

202 2672 420 2725 spiraliter
452 2676 579 2723 torta
611 2675 754 2727 pinnis
787 2676 1123 2718 sublanceolatis
1157 2678 1351 2730 margine
1384 2677 1624 2720 denticula-

198 2741 253 2782 tis
285 2745 361 2782 aut
392 2740 619 2785 denticulis
650 2744 693 2785 in
715 2745 917 2798 pinnulas
951 2746 1308 2788 excrescentibus.
1344 2747 1624 2791 Nemas-tonia

199 2810 494 2865 endivicefolia
526 2811 664 2855 Ham).
697 2814 722 2855 l.
755 2814 821 2856 a?
