1757 3114
159 93 238 133 452
776 92 1078 133 DELESSERIEAE.
1383 93 1432 133 N
1430 93 1690 145 itoplasllmn.

251 216 450 261 Specimen
477 215 746 259 incompletum
773 218 920 249 tantum
948 215 1026 249 vidi
1053 218 1091 248 et
1115 214 1185 248 hoc
1220 215 1362 249 sterile.
1414 216 1451 249 Si
1477 215 1550 249 rite
1577 227 1692 260 augu-

160 284 223 307 ror
250 276 309 307 est
333 273 457 307 media
484 276 522 306 et
546 271 704 307 inferior
729 284 815 317 pars
843 271 988 306 frondis
1022 275 1063 305 ut
1089 271 1128 304 in
1155 275 1337 315 sequente
1364 284 1516 317 venosa,
1543 273 1691 307 cellulis

161 329 462 374 superficialibus
488 329 723 374 longioribus
746 330 855 373 juxta
880 328 1016 373 positis
1036 328 1133 362 hanc
1151 332 1297 372 partem
1323 331 1610 374 occu1)antibu8‚
1630 341 1692 364 ex-

164 387 305 422 teriore
331 390 439 431 parte
466 386 614 420 cellulis
641 386 877 422 brevioribus
905 386 1088 420 areolata.

159 493 195 533 9.
227 491 275 533 N.
310 504 523 532 ossscuaun
554 491 617 541 (J.
651 491 732 545 Ay.
764 494 909 546 mser.)
955 491 1099 544 stipite
1147 495 1339 541 cuneato,
1386 505 1514 532 nervo
1561 505 1693 544 supra

271 560 461 612 stipitem
507 574 603 601 mox
649 564 929 601 evanescente
975 560 1097 612 quasi
1136 560 1179 599 in
1210 573 1338 600 venas
1370 561 1584 602 obsoletas
1615 560 1691 600 ad-

270 628 536 680 proximatas
575 627 823 669 inferiorem
861 627 1047 669 mediam
1087 627 1293 669 laminam
1327 633 1583 681 occupantes
1614 627 1691 668 fla-

270 695 452 736 bellatas
485 694 636 745 soluto,
676 696 828 737 fronde
868 695 1041 737 sordide
1079 710 1299 749 purpurea
1338 695 1691 737 cuneato-fiabel-

268 764 360 804 lata
401 764 785 817 sub-palmatifida,
829 764 1060 816 segmentis
1099 764 1540 817 subpinnato-lobatis
1573 764 1691 816 apice
1749 775 1751 777 ·

268 832 527 883 rotundatis,
561 833 669 874 soris
706 833 882 874 minutis
928 832 1288 885 punctiforniibus
1335 847 1410 886 per
1455 837 1590 874 totam
1622 847 1690 873 su-

272 900 491 953 perficiem
522 901 695 954 sparsis.

422 968 532 1010 Hab.
563 968 618 1010 ad
651 968 940 1010 Tasmaniam.

243 1048 404 1083 Habitus
424 1048 502 1083 fere
522 1049 567 1083 N.
590 1049 798 1089 Gunniani3
827 1049 1038 1083 accuratius
1058 1060 1149 1083 vero
1167 1049 1340 1094 inspecta
1358 1052 1416 1084 sat
1435 1049 1591 1084 disticta
1609 1060 1690 1094 spe-

153 1104 229 1139 cies
249 1105 414 1140 videtur.
450 1105 576 1151 Stipes
597 1106 811 1140 evidentior
830 1108 998 1140 costatus
1018 1106 1144 1143 adest:
1163 1110 1268 1141 costa
1287 1118 1399 1151 supra
1418 1106 1588 1151 stipitem
1606 1118 1691 1140 mox

153 1173 385 1197 evanescens
411 1163 449 1196 in
476 1166 623 1207 partem
654 1163 873 1198 inferiorem
911 1162 1073 1196 mediam
1115 1162 1447 1205 subincrassatam,
1474 1174 1555 1206 quae
1582 1162 1689 1196 venis

153 1218 349 1262 obsoletis,
376 1220 481 1262 quasi
508 1219 731 1254 flabellatim
758 1219 981 1253 tenuissime
1009 1219 1142 1253 sti-iata
1170 1220 1341 1264 adparet.
1378 1219 1533 1253 Cellulae
1561 1231 1688 1264 super-

152 1274 295 1310 ficiales
321 1276 360 1310 in
387 1276 456 1310 hac
482 1279 590 1320 parte
616 1276 741 1311 media
767 1279 856 1310 sunt
881 1276 1075 1321 longiores
1103 1280 1141 1310 et
1166 1277 1204 1310 in
1231 1276 1351 1311 lineas
1377 1276 1599 1311 flabellatim
1627 1288 1688 1310 ex—

153 1335 352 1366 currentes
380 1334 608 1375 conjunctae.
636 1333 826 1367 exteriore
860 1336 968 1377 parte
1002 1332 1151 1366 laminae
1185 1333 1334 1367 cellulis
1361 1333 1599 1368 brevioribus
1626 1344 1689 1367 an-

153 1389 294 1434 gulatis
321 1390 500 1424 areolam.
538 1389 727 1424 Caeterum
756 1393 814 1423 est
840 1389 961 1434 magis
990 1390 1085 1424 lobis
1114 1390 1329 1424 rotundatis
1358 1401 1520 1435 superne
1547 1389 1689 1424 latiori-

152 1447 234 1489 bus,
273 1447 422 1480 demum
449 1458 469 1480 a
495 1447 613 1481 latere
641 1445 808 1489 undatis,
847 1446 1042 1480 subdivisa
1078 1447 1217 1480 lamina
1253 1450 1433 1490 quantum
1473 1446 1549 1480 vidi
1587 1446 1688 1491 poris

152 1503 267 1537 nullis
294 1506 461 1548 pertusa.
512 1504 593 1539 Scri
620 1515 713 1548 quos
739 1504 817 1538 vidi
850 1504 1002 1539 omnino
1040 1504 1328 1549 punctisormes‚
1367 1507 1534 1539 attamen
1559 1503 1597 1537 in
1625 1515 1687 1538 no-

153 1564 234 1594 stra
259 1560 459 1595 admodum
481 1560 686 1604 juveniles.

243 1617 422 1652 Dubitavi
448 1628 494 1651 an
521 1617 617 1651 hanc
642 1617 686 1652 N.
714 1617 930 1662 stipitatum
955 1617 1134 1662 Harveyi‚
1160 1618 1251 1652 mihi
1278 1618 1463 1663 ignotum,
1490 1618 1687 1659 haberem3

152 1675 361 1720 descriptio
386 1675 612 1720 Harveyana
636 1675 675 1709 in
701 1678 870 1710 nostram
896 1678 1023 1709 tamen
1049 1676 1149 1710 haud
1175 1676 1271 1710 bene
1297 1676 1470 1719 quadrat.

152 1803 264 1823 *****
301 1803 472 1846 Fronde
503 1804 823 1846 membranacea
853 1805 1085 1846 evidentius
1116 1805 1327 1857 stipitata,
1357 1805 1500 1856 stipite
1534 1804 1685 1846 subra-

264 1885 392 1922 moso,
422 1873 560 1913 ramis
596 1876 808 1925 seponerem
851 1873 1092 1925 yerentibus
1137 1887 1261 1914 nervo
1284 1873 1389 1925 plus
1418 1874 1560 1914 minus
1590 1886 1685 1914 cooz-

267 1940 412 1992 spz'cuo
443 1954 579 1993 supra
610 1942 797 1994 stipitem
827 1956 924 1983 mox
955 1941 1144 1990 obsoleto,
1177 1942 1446 1991 continuatis,
1467 1942 1584 1983 venis
1614 1955 1683 1983 su-

256 2007 551 2060 perficialibus
581 2010 765 2060 sparsis,
797 2022 970 2050 sursum
991 2009 1096 2062 plus
1127 2010 1268 2050 minus
1292 2010 1515 2061 porrectis.

153 2110 218 2151 10.
251 2109 299 2150 N.
332 2110 652 2152 BONNEMAISONI
683 2110 831 2165 (Grev.
865 2111 961 2164 Azy.
996 2111 1076 2153 Br.
1101 2125 1148 2164 p.
1188 2113 1261 2167 81)
1299 2113 1443 2166 stipite
1484 2117 1684 2154 cuneato-

264 2181 443 2229 costato,
476 2181 595 2219 costa
626 2192 758 2231 supra
790 2179 980 2232 stipitem
1004 2193 1100 2220 mox
1132 2185 1410 2222 evanescente
1442 2185 1517 2221 aut
1547 2181 1590 2221 in
1621 2195 1685 2222 se-

262 2247 423 2288 nilibus
444 2246 732 2300 productiore,
756 2248 887 2287 ramis
910 2247 1088 2301 singulis
1110 2248 1164 2288 ad
1188 2253 1409 2302 segmenta
1430 2249 1686 2302 principalia

264 2315 538 2366 abeuntibus,
584 2315 627 2356 in
673 2315 847 2356 frondes
893 2329 1039 2356 roseas
1086 2315 1535 2359 cuneato-flabellatas
1580 2330 1683 2369 vage

263 2383 555 2437 palmatifidas
587 2385 800 2437 expansis,
833 2385 1066 2437 segmentis
1104 2386 1297 2426 cuneatis
1337 2399 1520 2437 superne
1553 2399 1683 2426 mem-

265 2451 493 2493 branaceis
524 2451 688 2492 inferne
721 2452 899 2499 venosis,
932 2452 1040 2493 soris
1071 2452 1314 2493 rotundatis
1337 2451 1528 2493 ocellatis
1550 2454 1682 2493 cocci-

263 2519 430 2573 diisque
462 2533 537 2572 per
576 2519 772 2561 frondem
817 2521 1080 2573 superiorem
1128 2522 1300 2574 sparsis.
1346 2520 1390 2563 J.
1423 2521 1502 2574 Ag).
1539 2521 1610 2574 Sp.
1634 2536 1681 2574 p.

265 2588 356 2628 665.
391 2587 528 2629 Harv.
565 2587 696 2641 Plzyc.
729 2587 811 2630 Br.
844 2588 924 2629 tab.
957 2587 1025 2628 23!
1062 2587 1309 2630 Delesseria
1343 2587 1683 2631 Bonnemaz'som·

264 2656 388 2699 Grev.
423 2657 486 2700 Sc.
522 2656 662 2710 Crypt.
697 2657 768 2699 Fr.
800 2658 882 2699 tal).
914 2658 993 2698 322
1025 2658 1150 2712 (excl.
1182 2657 1252 2709 fig.
1285 2658 1308 2697 :3
1340 2661 1382 2698 et
1415 2658 1471 2713 8).
1507 2655 1680 2710 Crypto-

257 2724 410 2776 pleura
444 2724 785 2767 Bonnemaisom
818 2726 946 2767 Koite.
979 2726 1061 2766 tab.
1089 2725 1218 2779 Phyc.
1254 2725 1340 2767 Vol.
1367 2725 1494 2766 XVI
1509 2726 1591 2765 tab.
1615 2727 1679 2767 28.

320 2803 429 2846 Hab.
460 2805 503 2844 in
536 2818 693 2846 oceano
724 2805 930 2846 atlantico
962 2805 1016 2846 ad
1047 2804 1195 2846 littora
1228 2804 1423 2858 Europae.
