1757 3114
161 171 241 211 580
827 168 1067 210 SOLIERIEAE.
1206 218 1213 225 ,
1363 169 1692 213 Caulaeamlms.

159 282 415 336 cystocarpii
446 294 698 334 percurrere
730 281 837 322 dixit
869 281 1044 330 Tharais,
1077 281 1193 322 haud
1225 282 1343 338 vidi).
1404 283 1692 336 Spaerosporae

159 350 345 391 zonatim
376 350 519 390 divisae
552 362 672 401 aeque
704 349 810 390 bene
843 351 885 390 in
918 349 1134 390 Solierieis
1166 362 1215 389 ac
1247 350 1289 390 in
1320 350 1588 404 Hypneaceis
1620 351 1692 391 de-

158 418 497 472 prehenduntur.
539 418 574 457 A
596 417 811 459 Solierieis
834 432 932 459 vero
956 416 1100 457 differt
1122 416 1442 460 Caulacanthus
1463 419 1694 472 praesentia

159 488 253 528 tubi
292 486 418 529 axilis
457 486 653 526 frondem
689 485 1060 540 longitudinaliter
1098 487 1401 538 percurrentis.
1461 487 1544 528 Sed
1582 487 1692 540 ejus-

158 556 274 597 modi
305 554 549 596 differentia
580 555 623 594 in
655 554 800 595 multis
832 554 928 594 aliis
960 553 1184 595 ordinibus
1217 568 1386 608 quoque
1417 555 1550 596 adest.

271 625 320 665 In
352 628 582 677 systemate
614 623 833 677 Ki'itzingii
873 622 1195 664 Caulacanthus
1232 637 1320 664 una
1350 638 1446 664 cum
1478 623 1692 665 Acantho-

159 693 256 734 bolo
287 692 596 747 (Endocladia)
627 696 670 732 et
700 691 985 744 Gloiopeltide
1017 692 1060 732 iu
1093 691 1287 732 ordinem
1333 692 1548 744 quendam
1595 705 1693 744 pro-

158 761 299 814 prium
337 759 759 800 Caulacanthearum
806 759 1195 812 comprehenditur.
1258 759 1485 801 Structura
1530 759 1693 801 frondis

162 829 252 870 haec
283 842 443 882 genera
474 833 541 869 sat
572 829 853 882 congruentia
884 828 1142 882 adpareant3
1175 828 1388 871 fructibus
1419 843 1518 870 vero
1551 829 1694 870 onmia

161 898 223 938 ita
254 900 354 938 sunt
385 897 564 944 diversa,
598 902 645 938 ut
676 897 840 938 nullam
872 897 1042 938 omnino
1075 897 1327 939 affinitatem
1357 898 1469 938 inter
1491 912 1542 939 ea
1571 911 1693 939 assu-

160 978 276 1006 mere
307 965 523 1006 auderem.

159 1059 193 1098 l:
226 1057 270 1098 C.
303 1071 532 1099 USTULATUS
563 1057 713 1111 (Mert.
744 1059 889 1112 mser.)
934 1057 1086 1099 fronde
1126 1057 1595 1111 pulvinato-caespitosa
1631 1058 1693 1098 ni-

269 1131 491 1180 grescente
536 1127 1067 1177 intricato-ramosissima,
1113 1128 1244 1168 ramis
1277 1140 1459 1180 superne
1491 1126 1693 1180 adproxi-

269 1198 395 1238 matis
429 1196 673 1237 divaricatis
713 1196 926 1238 subulatis
959 1200 1000 1238 et
1029 1196 1193 1237 minute
1232 1195 1474 1249 spinulosis,
1514 1195 1694 1248 spinulis

270 1267 419 1306 acutis.
461 1265 506 1307 J.
539 1266 619 1317 Ay.
645 1265 717 1317 Sp.
733 1280 780 1317 2).
802 1266 894 1306 4:33.
921 1266 1050 1306 Karta.
1088 1264 1215 1318 Phyc.
1238 1268 1275 1306 et
1302 1264 1406 1305 Tab.
1443 1262 1572 1316 Phyc.
1607 1263 1693 1305 Vol.

273 1333 460 1376 XVIII
478 1333 558 1374 tal).
583 1334 619 1374 8.
642 1333 817 1375 Ardiss.
844 1333 1009 1374 Floria.
1035 1333 1135 1374 Ital.
1161 1332 1223 1374 II
1238 1333 1317 1375 tab.
1342 1335 1377 1374 l.
1412 1333 1556 1374 Fucus
1576 1335 1694 1373 ustu-

273 1402 387 1443 latus
418 1401 545 1443 Mart.
582 1401 723 1443 Olimfa
754 1401 947 1443 ustulata
978 1401 1113 1443 IlIom‘.
1147 1401 1244 1454 Algs.
1277 1401 1359 1443 tab.
1399 1402 1444 1442 16
1464 1401 1540 1454 fiy.
1573 1401 1610 1441 3.

423 1492 602 1533 Variat:

156 1590 195 1616 cc.
229 1588 415 1616 CRINALIS
447 1575 586 1615 laxius
619 1574 856 1627 caespitosa,
889 1573 1069 1614 ramulis
1100 1572 1317 1614 fertilibus
1350 1572 1693 1625 simpliciusculis

271 1643 533 1684 subclavatis
580 1643 732 1686 acutis,
781 1655 913 1695 supra
958 1641 1147 1682 medium
1186 1641 1507 1695 spliaerosporas
1539 1653 1692 1693 geren-

269 1711 397 1753 tibus.

154 1794 184 1844 β
229 1805 453 1833 CAEsPrrosA
484 1790 657 1831 densius
689 1790 924 1843 pulvinata,
956 1789 1134 1830 ramulis
1166 1788 1391 1839 fertilibus,
1439 1789 1692 1829 divaricato-

271 1861 453 1901 ramosis
486 1859 710 1909 Simulatis,
743 1872 876 1912 supra
898 1858 1351 1905 basemincrassatam
1373 1857 1694 1910 sphaerosporas

269 1928 531 1983 gerentibus.

155 2008 207 2062 y?
239 2022 429 2049 SPINELLA
460 2007 611 2048 fronde
634 2007 850 2061 rigidiore7
874 2006 1208 2060 ''sphaerosporis
1232 2007 1274 2047 in
1303 2007 1436 2047 ramis
1458 2006 1692 2058 majoribus

267 2077 464 2130 sparsim
501 2076 762 2119 Rhodomela
793 2076 977 2129 spinella
1011 2075 1150 2117 Harv.

268 2145 378 2187 Hab.
413 2162 439 2185 α
470 2148 512 2186 et
541 2147 570 2196 β
601 2144 655 2185 ad
683 2145 833 2185 littora
853 2144 1039 2197 Europae
1064 2144 1380 2185 mediterranea
1402 2148 1443 2184 et
1466 2144 1692 2195 atlantica3

420 2229 444 2267 y
475 2213 529 2254 ad
560 2212 663 2253 Nov.
696 2212 957 2254 Zelandiam.

248 2292 397 2327 Nullam
425 2295 553 2326 notam
581 2290 841 2325 distinctionis
868 2291 970 2325 inter
996 2302 1075 2325 var.
1101 2295 1124 2334 β
1149 2296 1187 2327 et
1211 2305 1235 2337 y
1260 2293 1441 2337 detegere
1469 2292 1581 2326 valui.
1625 2291 1693 2335 Cy-

157 2349 348 2394 stocarpia
386 2352 531 2383 tantum
572 2348 608 2383 in
635 2362 658 2394 γ
683 2349 773 2383 vidi.
823 2348 991 2393 ffiitzing
1024 2349 1048 2383 l.
1088 2360 1118 2383 c.
1158 2350 1286 2393 plures
1322 2349 1459 2383 formas
1487 2360 1505 2381 e
1532 2347 1694 2383 diversis

156 2407 248 2441 locis
275 2407 465 2442 natalibus
494 2411 535 2441 ut
562 2407 707 2451 species
734 2406 937 2440 distinctas
971 2407 1197 2448 delineavit:
1230 2407 1416 2451 quomodo
1441 2417 1531 2441 vero
1561 2405 1692 2449 digno-

159 2467 314 2498 scantur
339 2464 439 2498 haud
466 2464 587 2499 video.

157 2545 194 2585 ⁴2.
226 2543 270 2585 C.
303 2557 560 2585 HORRIDULUS
605 2543 764 2597 (Mont.
815 2541 883 2586 Fl.
931 2542 1113 2586 Ch‘e'lens.
1166 2543 1299 2586 VIII.
1321 2558 1368 2597 p.
1400 2544 1483 2585 304
1526 2544 1608 2585 tab.
1642 2545 1691 2584 15

258 2613 335 2665 fiy.
368 2613 412 2667 4)
444 2612 593 2653 fronde
627 2645 635 2653 .
668 2647 675 2653 .
710 2646 717 2653 .
750 2646 757 2653 .
788 2625 1008 2665 purpurea
1039 2626 1295 2665 compressa,
1327 2612 1492 2653 inferne
1522 2612 1692 2665 longius

271 2680 398 2727 nuda,
439 2695 623 2734 superne
662 2681 793 2722 ramis
832 2680 968 2721 multo
999 2681 1268 2722 tenuioribus
1299 2681 1586 2733 maximopere
1617 2680 1690 2720 de-

271 2749 518 2801 compositis
550 2749 896 2803 subcorymbosis
928 2749 1080 2799 obsita,
1113 2748 1292 2790 ramulis
1323 2762 1542 2790 ramorum
1572 2747 1690 2788 diva-

271 2818 415 2858 ricatis
462 2817 673 2860 subulatis
719 2822 761 2859 et
806 2818 966 2859 minute
1018 2817 1260 2870 spinulosis,
1308 2818 1488 2872 spinulis
1533 2817 1688 2864 acutis3

272 2885 581 2940 sphaerosporis
620 2887 663 2927 in
696 2886 874 2927 ramulis
919 2886 1268 2939 antepenultimis
1314 2884 1472 2927 inflatis
1517 2885 1691 2938 sparsis,
