1762 3036
96 73 138 100 VI

91 172 268 227 juvenili
298 172 599 226 persistentem
635 170 733 222 vidi,
765 183 897 224 quam
932 168 1249 222 trichophorico
1288 170 1520 224 adparatui
1552 169 1629 211 tri-

96 241 244 282 buant.
304 239 518 282 Confiteor
548 253 614 281 me
645 239 712 280 his
742 238 846 280 locis
878 238 921 279 in
953 237 1034 278 hoc
1078 237 1294 291 adparatu
1339 239 1448 280 nihil
1492 238 1631 292 suspi-

96 322 228 360 casse,
260 309 341 350 nisi
370 309 534 362 apicem
564 306 732 358 ramuli,
766 307 819 348 ob
851 305 1139 347 evolutionem
1176 305 1341 348 fructus
1381 306 1632 348 hebetatum

97 381 139 418 et
169 377 326 419 sensim
358 376 608 418 obsoletum.
668 375 717 416 In
748 374 1022 428 Dudresnaja
1059 377 1195 415 totam
1238 374 1522 416 evolutionem
1554 388 1632 415 nu-

96 444 174 486 clei
206 458 231 485 a
268 444 340 485 filo
385 448 616 498 generante
663 443 891 484 observare
938 442 1122 493 credidi3
1169 441 1369 484 hocloco
1401 442 1631 484 evidentis-

96 513 250 554 simum
281 512 384 553 mihi
415 511 618 565 adparuit
648 509 768 551 filum
800 509 1061 564 elongatum,
1086 509 1200 564 quod
1223 509 1420 552 nucleum
1443 514 1632 564 superat,

96 580 204 622 nihil
233 594 324 622 esse
354 581 436 622 nisi
467 580 631 634 apicem
677 579 868 621 sterilem
915 578 1210 621 decoloratum
1240 578 1302 619 fili
1332 578 1530 621 nucleum
1561 592 1633 632 ge-

96 648 301 690 nerantis.
342 647 464 699 Quod
497 648 652 689 attinet
685 660 756 688 eos
788 647 1095 688 minutissimos
1126 646 1338 700 globulos,
1361 647 1435 701 qui
1458 661 1634 700 corpus-

97 716 194 758 cula
224 716 579 767 antheridiorum,
611 716 876 771 tricliogynis
915 715 1059 758 adfixa
1089 715 1302 769 sisterent,
1334 720 1454 770 patet
1485 717 1634 758 eadem

97 785 239 840 quoad
271 785 477 839 originem
510 789 551 826 et
582 788 784 825 naturam
817 784 988 825 omnino
1021 784 1154 826 dubia
1185 798 1288 827 esse.
1339 784 1433 826 Non
1465 789 1634 826 tantum

95 854 327 907 saepissime
359 855 497 896 evenit
528 857 575 895 ut
605 854 649 895 in
671 858 795 908 gutta
817 867 939 908 aquae
962 854 1217 907 corpuscula
1238 854 1536 896 diversissimae
1559 868 1633 895 na-

93 928 201 965 turae
232 922 620 974 circumvehantur,
653 922 727 964 sed
761 922 891 964 etiam
921 922 1124 976 practicis
1154 922 1374 977 Algologis
1407 923 1513 965 bene
1536 937 1634 964 con-

94 995 180 1032 stat
212 1005 361 1044 speras
393 991 590 1045 algarum
623 994 664 1032 et
693 991 930 1044 particulas
962 991 1139 1033 diversae
1171 995 1339 1033 naturae
1371 991 1491 1045 Algis
1524 1004 1635 1044 saepe

93 1059 257 1101 adfixas
289 1060 502 1101 obvenire.
564 1059 784 1109 Quomodo
829 1059 963 1112 igitur
1007 1059 1217 1112 probetur
1263 1059 1517 1113 corpuscula
1547 1059 1635 1108 illa,

93 1141 188 1181 quae
220 1127 482 1182 trichogynis
503 1126 648 1169 adfixa
678 1126 889 1178 viderunt,
922 1126 1055 1169 fuisse
1087 1127 1341 1181 corpuscula
1372 1141 1423 1170 ex
1444 1127 1635 1169 antheri-

92 1195 173 1237 diis
203 1195 510 1248 provenientia,
549 1200 591 1237 et
621 1209 672 1238 ex
703 1195 958 1237 antheridiis
991 1196 1080 1250 ejus
1126 1196 1296 1250 speciei,
1343 1210 1438 1251 quae
1484 1196 1636 1238 iisdem

92 1263 452 1306 foecundaretur?
513 1264 557 1307 Si
594 1268 813 1307 constaret
857 1265 1201 1307 antheridiorum
1245 1265 1500 1320 corpuscula
1545 1280 1637 1308 esse

92 1331 236 1385 agilia,
265 1332 432 1374 facilius
464 1333 638 1387 quidem
668 1333 985 1388 intelligeretur
1016 1335 1273 1388 corpuscula
1292 1334 1637 1377 antheridiorum

91 1401 432 1456 trichogynicum
463 1402 722 1455 adparatum
754 1403 945 1456 potuisse
977 1403 1212 1457 attingere3
1260 1403 1334 1445 sed
1379 1403 1635 1457 corpuscula

91 1469 206 1511 omni
236 1470 476 1511 mobilitate
508 1470 716 1512 destituta
746 1471 967 1512 contendit
996 1471 1086 1525 ipse
1109 1471 1273 1513 Thuret
1288 1473 1342 1528 4Χὶ).
1383 1471 1428 1514 Si
1450 1472 1634 1526 denique

92 1538 166 1592 qui
196 1538 251 1579 ad
273 1541 409 1580 totam
430 1552 521 1580 rem
542 1538 846 1581 illustrandam
868 1539 1058 1594 plurima
1078 1541 1355 1583 contulerunt
1376 1540 1428 1583 de
1449 1541 1634 1583 maxime

92 1606 390 1648 essentialibus
422 1607 691 1659 dissentiant,
724 1612 846 1662 patet
876 1612 924 1650 ut
954 1608 1213 1650 crediderim
1245 1613 1381 1651 totam
1403 1623 1492 1651 rem
1516 1609 1635 1651 novis

72 1677 134 1715 >‘et
163 1674 331 1716 iteratis
363 1675 737 1718 observationibus
768 1681 897 1718 antea
919 1690 1010 1718 esse
1033 1677 1384 1730 confirmandam,
1418 1692 1549 1732 quam
1570 1678 1634 1731 ip-

83 1742 148 1783 sis
163 1749 165 1751 '
180 1743 352 1796 organis
385 1743 611 1797 descriptis
641 1745 860 1799 quandam
883 1745 967 1786 vim
989 1746 1309 1800 systematicam
1331 1746 1635 1800 attribuamus,

206 1811 401 1866 Denique
433 1813 592 1855 addere
624 1814 765 1867 placet
795 1828 862 1856 me
893 1815 937 1855 in
969 1814 1049 1857 hoc
1080 1815 1294 1857 volumine
1317 1829 1446 1869 quam
1468 1815 1635 1868 paucis-

92 1879 199 1921 sima
229 1880 426 1923 attulisse
458 1897 704 1938 synonyma,
737 1887 779 1925 et
810 1885 1050 1937 specierum
1088 1889 1216 1926 antea
1254 1886 1525 1939 cognitarum
1563 1885 1635 1926 de-

94 1948 347 2002 scriptiones
379 1951 539 2004 nullas3
579 1952 723 1994 icones
754 1953 860 1995 mihi
890 1953 1071 2006 cognitae
1102 1953 1287 2007 optimae,
1318 1967 1412 2009 quae
1444 1954 1633 1995 citantur

187 2160 222 2204 *)
248 2158 286 2193 Si
312 2170 332 2193 a
358 2159 542 2194 Thuretio
576 2159 660 2204 jure
698 2158 944 2194 contenditur
980 2158 1207 2195 Derbesium
1245 2161 1283 2193 et
1321 2158 1505 2195 Solierum
1543 2164 1630 2195 ante

93 2215 186 2249 alios
212 2227 339 2250 omncs
360 2216 405 2250 ad
424 2216 639 2250 antheridia
663 2216 927 2250 Floridearum
945 2216 1210 2261 cognoscenda
1234 2216 1455 2258 contulisse,
1483 2228 1630 2261 quoque

92 2272 226 2306 horum
258 2272 585 2307 observationibus
624 2272 865 2317 potissimum
902 2272 1016 2306 fidem
1053 2272 1265 2308 habendam
1303 2284 1384 2306 esse
1410 2272 1520 2308 facile
1546 2274 1629 2317 quis

93 2329 279 2363 crederet.
330 2329 435 2373 Quod
472 2340 561 2364 vero
599 2341 737 2364 novum
764 2332 802 2364 et
827 2329 1039 2363 inauditum
1066 2329 1106 2363 in
1133 2341 1260 2363 eorum
1298 2329 1627 2365 observationibus

92 2386 184 2420 mihi
209 2386 361 2420 videtur
385 2387 455 2421 hoc
481 2390 558 2421 est:
586 2388 684 2431 quod
702 2399 777 2422 non
796 2390 945 2422 tantum
964 2387 1188 2432 corpuscula
1206 2387 1506 2422 antheridiorum
1524 2391 1628 2423 motu

93 2443 256 2486 praedita
280 2443 319 2477 in
344 2443 515 2487 pluribus
545 2445 743 2488 speciebus
771 2456 810 2479 se
837 2446 1061 2480 observasse
1095 2447 1354 2487 asseruerunt,
1382 2444 1448 2478 scd
1474 2456 1627 2489 corpus-

94 2499 261 2533 culorum
299 2511 445 2544 quoque
483 2511 529 2534 ex
566 2501 780 2536 antheridio
819 2501 1069 2546 eruptionem,
1095 2500 1252 2535 formam
1278 2501 1347 2535 sub
1372 2503 1475 2535 motu
1502 2503 1539 2535 et
1565 2513 1626 2545 ap-

93 2555 290 2599 pendicem
317 2556 541 2599 vibrantem,
568 2560 679 2601 atque
705 2557 824 2602 ipsius
850 2560 974 2592 motus
1000 2568 1169 2592 normam
1196 2557 1499 2602 descripserunt!
1537 2557 1624 2601 Quae

94 2622 183 2645 vero
209 2613 333 2645 omnia
355 2612 451 2647 falsa
476 2625 559 2647 esse
586 2614 723 2648 statuit
740 2614 903 2648 Thuret:
932 2614 1037 2658 Quod
1057 2614 1087 2648 si
1106 2625 1236 2648 verum
1257 2613 1318 2657 sit,
1338 2613 1625 2649 observationes

95 2667 220 2700 allatae
248 2670 334 2700 ante
359 2669 498 2702 multas
530 2669 622 2703 alias
649 2671 809 2714 probare
835 2671 1016 2706 videntur
1052 2682 1163 2714 quam
1187 2669 1296 2704 facile
1321 2669 1500 2712 fallimur,
1538 2680 1625 2704 con-

95 2723 292 2758 cludentes
320 2736 365 2758 0)(
389 2725 435 2759 iis
462 2737 544 2769 quae
572 2727 734 2762 vidimus
761 2728 807 2762 ad
833 2740 875 2763 ea
900 2740 982 2772 quae
1010 2731 1074 2762 aut
1099 2727 1295 2762 obscurius
1315 2728 1395 2762 visa
1413 2730 1476 2762 aut
1494 2738 1626 2763 revera

95 2791 170 2815 non
194 2781 405 2825 observata,
432 2785 558 2817 tamen
583 2787 688 2819 certa
714 2784 966 2830 suspicantur.
