1757 3114
114 159 193 201 656
767 153 1032 203 CHONDRIEAE.
1386 164 1644 209 Lauronem.

226 273 306 315 bus
337 273 546 315 levissime
577 273 862 316 verruculosis
901 288 977 328 per
1013 277 1276 330 superiorem
1308 285 1474 332 partem
1507 280 1644 334 sphae-

227 355 428 395 rosporas
460 341 613 381 densas
659 342 919 394 gerentibus,
965 344 1226 388 keramidiis.
1259 378 1267 386 .
1301 379 1309 388 .
1344 379 1350 386 .
1384 348 1428 390 J.
1460 348 1540 400 Ag).
1574 349 1644 402 Sp.

213 424 261 463 p.
292 410 386 451 763.
419 409 471 451 L.
493 409 780 463 corymbzfera
807 411 933 453 Kane.
957 413 1038 454 tab.
1065 413 1196 467 Phyc.
1232 415 1319 457 Vol.
1345 416 1439 458 XV
1458 417 1540 458 tab.
1564 417 1644 458 :3ss?

281 479 390 520 Hab.
424 478 480 519 ad
513 491 611 520 oras
642 479 874 523 atlanticas
906 479 1091 535 Europae
1123 482 1351 526 calidioris.

110 582 176 623 27.
207 581 254 623 L.
286 595 549 623 PINNATIFIDA
579 581 698 636 (Gon.
748 582 858 635 Syst.
910 583 1011 625 Nat.
1060 585 1128 626 ΙΙ.
1150 599 1198 639 p.
1232 587 1361 643 1385)
1405 602 1643 641 purpureo-

223 650 365 701 livida,
412 649 563 691 fronde
615 664 858 704 compressa
911 651 1091 694 distiche
1137 654 1641 710 decomposito-pinnata,

220 719 361 771 pinnis
392 719 436 760 in
467 718 642 760 rachide
674 719 824 760 stricta
867 722 1210 773 supereminente
1250 724 1427 766 alternis
1457 727 1642 779 patenti-

222 787 314 838 bus,
346 787 533 840 pinnulis
565 787 830 841 simplicibus
863 788 1286 833 clavato-linearibus
1332 797 1407 842 aut
1451 793 1641 835 dilatatis

222 854 624 906 lobato-multifidis,
649 857 871 910 sporiferis
894 858 1185 901 conformibus
1207 861 1320 902 infra
1341 862 1480 915 apices
1503 863 1641 916 sphae-

222 937 423 977 rosporas
455 924 498 964 in
529 923 707 965 fasciam
747 925 976 978 dispositas
1013 929 1272 979 gerentibus,
1313 930 1561 972 keramidiis
1596 932 1640 972 in

219 992 398 1046 pinnula
442 992 697 1035 lateralibus
744 997 1116 1037 ovato-truncatis.
1162 997 1208 1039 J.
1241 998 1322 1052 Ay.
1357 998 1428 1052 Sp.
1453 1014 1498 1052 p.
1546 1001 1639 1041 764.

219 1060 354 1102 Laur.
377 1061 645 1115 pinuatrflda
678 1061 802 1103 Lam.
835 1061 1023 1104 Gremwe
1061 1064 1158 1118 Azy.
1191 1065 1271 1108 Br.
1305 1067 1386 1109 tab.
1422 1067 1500 1109 XI
1511 1068 1549 1109 V
1561 1070 1639 1123 fisl.

218 1131 337 1170 1—5.
371 1129 508 1172 Harv.
545 1129 673 1184 Plzyc.
706 1130 824 1172 Brit.
856 1132 937 1173 tab.
962 1132 1062 1174 LV.
1097 1134 1228 1176 Kz'itz.
1260 1135 1342 1177 tab.
1379 1136 1507 1189 Phyle.
1551 1137 1637 1179 Vol.

220 1199 319 1241 XV
343 1200 424 1241 tal).
457 1201 521 1241 66.
555 1200 605 1249 Ε
630 1201 924 1255 pinnatlfidus
962 1202 1059 1245 Gm.
1101 1204 1232 1246 Turn.
1265 1205 1381 1247 Hest.
1417 1206 1521 1248 Fue.
1557 1208 1639 1249 tab.

217 1268 270 1308 20
302 1267 426 1322 (excl.
458 1273 565 1321 var.)
598 1268 724 1322 Enyl.
758 1268 858 1310 Bot.
890 1270 971 1311 tab.
1006 1271 1124 1312 1202.

104 1359 202 1401 Var.
233 1363 273 1413 β.
312 1360 531 1403 Osmmzda
554 1360 707 1402 fronde
729 1361 994 1412 abbreviata,
1018 1363 1205 1417 pinnulis
1228 1364 1419 1407 dilatatis
1441 1371 1636 1408 crenato-

215 1429 386 1471 lobatis.

104 1509 202 1551 var.
234 1524 269 1563 y.
301 1510 583 1563 cartilayinea
629 1511 782 1552 fronde
826 1512 1065 1554 incrassata
1110 1515 1399 1567 teretiuscula,
1446 1515 1513 1556 hic
1550 1516 1635 1558 illic

215 1579 399 1620 dilatata
430 1584 472 1620 et
502 1593 758 1633 compressa.
793 1594 899 1633 vage
930 1583 1121 1635 pinnata,
1153 1584 1295 1636 pinnis
1317 1585 1481 1626 obtusis
1504 1599 1633 1639 oppo-

215 1648 306 1688 sitis
338 1647 613 1701 alternisque.
646 1647 785 1690 Gele'd.
809 1651 1120 1703 pinnattfidum
1153 1651 1313 1704 Lymjb.
1345 1654 1426 1695 tal).
1460 1655 1496 1695 9.

212 1715 318 1757 Hab.
351 1716 406 1757 ad
436 1716 584 1758 littora
616 1716 799 1770 Europae
831 1718 1038 1760 atlantica
1069 1723 1110 1760 et
1140 1720 1469 1762 mediterranea.

101 1820 164 1860 28.
196 1818 242 1860 L.
274 1833 525 1860 SPECTABILIS
556 1819 697 1874 (Post.
729 1824 768 1862 et
816 1820 954 1874 Rupr.
1001 1821 1033 1863 I
1035 1822 1171 1864 llustr.
1194 1837 1242 1875 p.
1277 1825 1348 1878 16)
1395 1839 1630 1878 purpureo-

211 1886 353 1937 livida,
386 1887 538 1929 fronde
568 1888 846 1941 complanata
897 1890 1077 1932 distiche
1125 1890 1629 1945 clecomposito—pinnata,

211 1955 353 2008 pinnis
384 1957 427 1997 in
458 1956 633 1998 rachide
666 1957 816 1998 stricta
856 1958 1199 2010 supereminente
1236 1959 1413 2001 alternis
1446 1964 1629 2013 patenti-

212 2023 304 2072 bus,
336 2024 525 2077 pinnulis
557 2025 821 2078 simplicibus
853 2024 1292 2077 clavato-linearibus,
1326 2029 1546 2081 sporifcris
1578 2065 1585 2072 .
1620 2064 1628 2072 .

210 2090 460 2134 kerainidiis
492 2127 499 2133 .
533 2126 540 2134 .
573 2127 580 2134 .
613 2094 954 2135 antheridiorum
992 2095 1275 2148 receptaculis
1323 2098 1476 2150 saepius
1517 2087 1630 2141 infra

210 2159 373 2211 apicem
404 2160 591 2213 pinnulae
622 2150 875 2202 lateralibus
907 2161 1094 2214 elliptico
1126 2163 1333 2217 oblongis.
1365 2165 1409 2206 J.
1443 2165 1524 2219 Ay.
1558 2167 1628 2220 Sp.

202 2241 248 2279 p.
270 2228 362 2268 764.
396 2228 447 2269 L.
479 2228 735 2282 calv'fornica
768 2229 899 2270 Koite.
931 2229 1013 2271 tab.
1049 2229 1176 2283 Phyc.
1220 2231 1306 2273 Vol.
1342 2232 1435 2275 XV
1459 2235 1540 2276 tab.
1565 2237 1628 2277 67.

360 2296 469 2339 Hab.
500 2298 545 2338 in
576 2297 746 2339 Oceano
777 2297 954 2351 pacifico
986 2299 1216 2351 superiore.

185 2375 277 2411 Post
302 2377 423 2411 editas
451 2377 513 2422 Sp.
539 2378 627 2423 Alg,
653 2389 771 2423 pauca
795 2390 892 2413 nova
922 2379 1137 2423 fragmenta
1173 2380 1282 2424 hujus
1321 2381 1448 2426 habui,
1476 2394 1521 2417 ex
1547 2385 1626 2428 qui-

96 2433 164 2468 bus
191 2434 336 2478 species
363 2435 518 2479 propria
541 2434 670 2469 forsan
695 2435 951 2479 existimetur,
969 2435 1102 2469 fronde
1121 2437 1241 2481 magis
1261 2439 1499 2482 complanata
1517 2452 1626 2483 quam

95 2489 134 2523 in
160 2490 202 2524 L.
228 2490 467 2535 pinnatifida.
504 2491 628 2526 Unum
653 2492 786 2526 horum
814 2492 1041 2526 antheridiis
1071 2493 1206 2526 eximie
1234 2497 1428 2538 onustum3
1455 2500 1626 2541 recepta-

96 2547 181 2581 cula
204 2547 323 2582 forma
353 2551 391 2582 et
417 2548 493 2582 situ
525 2549 569 2583 ab
595 2548 641 2582 iis
666 2548 710 2582 L.
737 2547 973 2593 pinnatifidae
1012 2549 1205 2594 paulisper
1242 2550 1394 2585 diversa
1432 2553 1625 2597 videntur;

95 2615 195 2638 nunc
231 2604 270 2638 in
306 2605 430 2639 media
465 2605 624 2650 pinnula
660 2605 854 2641 subdivisa
892 2609 929 2639 et
954 2606 1131 2649 utrinque
1170 2608 1460 2652 appendiculata
1497 2610 1626 2646 inflata

96 2661 186 2706 vidi,
225 2661 363 2707 saepius
401 2663 507 2706 quasi
545 2663 760 2698 lateraliter
795 2663 958 2709 margini
995 2663 1184 2709 immersa,
1210 2668 1248 2699 et
1273 2665 1378 2710 apice
1405 2668 1526 2701 sterili
1564 2681 1622 2704 su-

95 2722 238 2761 perata.

96 2811 159 2850 29.
193 2811 239 2851 L.
272 2824 618 2853 nisTICHorHYLLA
649 2813 717 2866 (J.
748 2814 829 2865 As]-
866 2813 936 2866 Sp.
963 2827 1008 2865 p.
1052 2814 1149 2869 762)
1190 2812 1342 2854 fronde
1379 2828 1622 2868 compressa

208 2879 388 2921 distiche
433 2880 936 2935 (lecomposito-pinnata,
983 2881 1124 2934 pinnis
1163 2882 1206 2922 in
1253 2881 1427 2924 rachide
1473 2886 1622 2927 stricta
