1757 3114
109 127 188 167 328
678 123 1059 164 RHODYMENIACEAE.
1301 178 1318 195 ο
1330 120 1634 175 Rhodfflnema:

222 239 488 292 compressis,
522 237 652 278 semel
683 240 758 278 aut
787 236 852 277 bis
883 234 1063 276 furcatis
1095 238 1169 276 aut
1199 234 1466 277 secundatim
1495 249 1634 278 ramo-

224 308 293 358 sis,
326 306 457 348 ramis
492 305 703 347 subulatis
736 304 885 354 acutis,
918 303 1131 345 fructibus
1164 335 1171 343 .
1206 336 1213 343 .
1250 338 1257 346 .
1291 339 1298 346 .

373 376 440 416 Ad
470 375 592 416 littus
623 374 773 416 Rhode
805 372 950 414 Island
982 372 1201 414 Americae.

199 456 242 490 In
267 455 482 500 fragmento
509 465 530 487 a
553 465 612 487 me
640 453 854 487 examinato
882 455 1112 486 structuram
1139 452 1434 498 Corclylecladiae
1453 454 1544 497 vidi,
1563 453 1637 487 nisi

111 513 209 557 quod
235 513 381 547 cellulae
409 511 608 546 corticales
637 510 799 555 simplici
827 510 923 544 serie
951 509 1161 555 dispositae,
1188 511 1276 545 (lum
1294 512 1333 546 in
1352 510 1639 556 Cordylecladia

110 571 148 604 in
174 570 238 604 fila
260 569 393 604 brevia
419 569 580 603 evolutae
609 571 708 603 sunt.
1648 575 1651 578 ⁴

111 652 147 691 6.
178 649 329 691 Gonu?
363 662 628 691 IRREGULARIS
661 647 821 703 (Harv.
860 648 959 690 Ner.
992 647 1099 689 Bor.
1131 648 1229 690 Am.
1253 662 1301 701 p.
1345 650 1444 705 156)
1489 649 1639 691 fronde

222 717 412 760 filiformi
444 717 728 759 subtubulosa
759 720 929 758 setacea
967 716 1111 769 rigida
1155 717 1285 758 dense
1330 718 1552 771 caespitosa
1581 719 1640 759 ir-

222 786 480 840 regulariter
523 799 695 827 ramosa
739 784 1013 837 subpinnata5
1061 785 1192 826 ramis
1238 786 1385 838 paucis
1433 787 1639 839 oppositis

223 859 297 897 aut
328 854 536 906 secundis,
568 854 889 908 patentissimis,
928 853 1274 906 simpliciusculis
1313 854 1476 897 obtusis
1510 889 1517 896 .
1551 889 1558 896 .
1591 889 1598 896 .
1633 889 1640 896 .

376 922 443 963 Ad
473 921 505 962 F
509 921 706 963 loridam.

200 1003 319 1047 Hujus
346 1012 507 1046 quoque,
532 1003 576 1035 ut
595 1001 672 1045 jam
697 1001 843 1036 monuit
867 1001 1030 1046 Harvey,
1057 1001 1218 1036 affinitas
1245 1001 1401 1036 incerta.
1450 1003 1510 1036 An
1536 1002 1641 1047 Chyl.

111 1060 288 1095 aciculari
314 1058 476 1094 adfinis?
505 1058 666 1094 Grunow
705 1058 872 1102 (Fidsclc.
905 1059 993 1104 Azy.
1017 1071 1053 1104 2).
1082 1060 1140 1104 11)
1179 1060 1346 1105 speciem
1382 1060 1643 1105 Harvcyanam

111 1119 158 1153 ad
183 1117 249 1152 Ch.
275 1116 466 1162 rigentem
493 1115 664 1161 proxime
691 1116 937 1150 accedentem
963 1116 1100 1150 credit.

112 1259 283 1311 LXXIV·
320 1260 659 1311 RHODYMENIA
705 1269 829 1312 Grev.
862 1269 959 1324 Azy.
993 1269 1076 1312 Br.
1114 1269 1315 1325 (reform)
1353 1269 1397 1312 J.
1431 1269 1511 1324 Ay.
1543 1271 1640 1325 Azy.

227 1343 386 1385 Liebm.
419 1345 457 1384 et
490 1341 562 1394 Sp.
595 1339 691 1393 Azy.
715 1353 761 1392 p.
793 1339 886 1380 375.

113 1446 250 1489 Frons
281 1446 410 1500 plana
439 1446 768 1488 membranacea
798 1444 1044 1485 dichotoma
1075 1447 1151 1485 aut
1179 1444 1385 1497 palmata,
1411 1457 1522 1497 saepe
1544 1459 1641 1498 pro-

227 1514 533 1556 lificationibus
564 1526 747 1561 ramosa,
771 1512 920 1554 stratis
942 1512 1109 1555 duobus
1141 1516 1363 1563 contexta3
1396 1512 1559 1554 cellulis
1580 1513 1642 1554 in-

224 1583 456 1625 terioribus
487 1582 694 1636 oblongis,
727 1581 1000 1623 corticalibus
1042 1581 1217 1622 minutis
1249 1581 1512 1622 verticaliter
1543 1582 1642 1624 sub-

224 1652 417 1693 radiatis.
467 1649 746 1704 Cystocarpia
776 1663 853 1704 per
884 1649 1082 1691 frondem
1113 1663 1277 1703 sparsa,
1308 1650 1425 1691 intra
1454 1651 1643 1703 pericar-

225 1720 343 1773 pium
374 1719 744 1772 liemisphaericum
792 1719 1078 1771 carpostomio
1125 1721 1335 1771 apertum,
1375 1718 1541 1760 cellulis
1572 1733 1643 1761 ex-

225 1792 413 1830 trorsum
434 1788 718 1838 radiantibus,
740 1788 975 1829 introrsum
994 1787 1273 1829 concentricis
1290 1791 1547 1840 contextum,
1565 1802 1643 1829 nu-

226 1857 364 1899 cleum
396 1857 633 1910 simplicem
671 1857 954 1898 rotundatum
1001 1860 1074 1897 aut
1120 1856 1395 1898 sublobatum
1439 1856 1642 1908 foventia3

225 1927 402 1968 nucleus
432 1927 548 1967 intra
578 1926 865 1979 pericarpium
898 1924 1191 1975 nudiusculus,
1230 1925 1363 1966 fundo
1395 1925 1644 1967 basaliim-

224 1995 399 2047 positus
432 1993 752 2047 placentaribus
784 1993 866 2034 filis
914 1992 1362 2046 paniculato-ramosis
1409 1992 1528 2034 lobos
1573 2007 1643 2034 su-

227 2063 504 2111 stinentibus3
536 2062 623 2104 lobi
653 2067 925 2116 praegnantes
962 2061 1167 2103 radiatim
1198 2062 1406 2115 dispositi,
1435 2062 1643 2116 juveniles

225 2130 307 2171 filis
330 2130 572 2171 articulatis
599 2130 779 2172 ramosis
803 2130 1036 2179 constituti,
1059 2133 1396 2171 maturescentes
1419 2130 1643 2172 obconico-

225 2198 447 2239 rotundati
478 2198 709 2250 gemmiclia
738 2198 928 2251 plurima
965 2198 1211 2243 rotundat&
1245 2199 1334 2239 sine
1365 2198 1513 2240 ordine
1544 2212 1643 2240 con-

226 2266 370 2319 spicuo
402 2265 670 2319 conglobata,
705 2266 829 2319 quasi
859 2279 981 2307 muco
1014 2265 1203 2307 cohibita
1232 2265 1434 2308 foventes.
1498 2266 1641 2320 Spleoe-

223 2347 410 2387 srosporoe
442 2335 596 2387 saepius
628 2334 671 2374 in
703 2347 824 2375 soros
855 2333 1054 2385 collectae⁷
1088 2334 1311 2376 cruciatim
1342 2335 1501 2376 divisae.

224 2436 286 2477 De
316 2436 521 2477 limitibus
554 2435 681 2489 hujus
711 2435 904 2482 Generis„
937 2437 991 2477 ad
1023 2437 1137 2490 quod
1160 2438 1318 2491 species
1340 2437 1491 2480 fronde
1512 2438 1651 2491 plana·

111 2505 342 2546 instructos
373 2504 528 2545 veteris
559 2503 739 2545 Generis
785 2503 1078 2557 Sphaerococci
1116 2505 1278 2547 referre
1317 2510 1638 2557 consueverunt,

112 2571 219 2613 nihil
250 2572 354 2612 certi
386 2571 527 2612 adhuc
559 2575 748 2613 statuere
779 2571 889 2613 licet.
950 2572 999 2613 In
1030 2587 1116 2614 una
1147 2574 1326 2615 Generis
1372 2575 1508 2615 nostri
1552 2588 1639 2615 sec-

110 2640 236 2688 tione,
269 2638 431 2681 nullam
462 2641 646 2693 speciem
677 2639 978 2693 capsuliferam
1010 2638 1114 2692 vidi3
1153 2656 1229 2684 nec
1266 2643 1309 2683 in
1345 2642 1640 2695 vulgatissima

111 2707 186 2748 illa
215 2708 293 2748 Rh.
325 2707 518 2760 palmata
548 2708 745 2762 capsulas
777 2709 831 2750 ab
879 2708 974 2750 aliis
1022 2710 1270 2752 observatas
1315 2710 1446 2751 fuisse
1485 2710 1638 2764 liquet3

115 2789 208 2828 quae
240 2776 351 2816 enim
382 2777 566 2829 capsulae
614 2776 846 2830 aliquando
892 2777 1014 2818 dictae
1060 2777 1237 2820 fuerunt
1267 2779 1335 2820 vix
1366 2779 1471 2819 1111111
1502 2782 1638 2833 cysto-

112 2845 257 2898 carpia
301 2844 510 2886 normalia
554 2846 811 2888 constituere
857 2846 1165 2900 adparuerunt.
1239 2847 1289 2888 In
1335 2847 1410 2888 Rh.
1457 2847 1638 2889 australi
