1762 3036
123 130 169 170 11
177 127 200 170 6
273 157 276 159 Δ
695 125 1089 168 CRYPTONEMIACEAE.
1323 125 1661 180 Gloiosvfflwm‘a.

121 242 190 284 vix
221 243 462 295 conspicuo,
495 245 571 282 aut
593 241 750 282 sensim
772 241 1001 290 subdiviso,
1026 244 1099 281 aut
1121 239 1266 282 forsan
1289 241 1431 294 potius
1453 240 1661 293 disrupto,

122 310 289 352 frondis
319 314 421 352 tubo
453 311 656 352 interiore
689 311 825 364 magis
858 310 1056 351 distento.
1117 309 1213 350 Fila
1250 309 1523 363 peripherica
1553 322 1575 349 e
1606 309 1661 350 si-

122 379 270 432 phone'
303 380 482 421 centrali
521 383 689 429 exeunt,
722 384 764 420 et
795 379 968 433 quidem
1000 380 1025 418 4
1056 392 1226 431 quoque
1263 378 1306 419 in
1338 377 1662 430 Gloiosiphonia

117 447 297 501 juvenili
329 447 429 495 vidi,
461 452 509 488 ut
541 448 592 488 de
633 445 936 500 Calosiphonia
981 446 1175 487 referunt
1220 444 1323 487 Cel:i
1369 446 1553 487 Crouan.
1613 445 1662 486 In

123 516 336 557 adultiore
368 507 823 575 fronde‘structuram
861 516 998 568 magis
1030 515 1327 568 complicatam
1357 528 1451 572 esse
1483 518 1662 556 constat.

123 582 248 625 Circa
277 584 435 626 axilem
466 584 687 637 siphonem
717 584 792 624 fila
821 584 1019 625 tenuiora
1050 597 1075 624 a
1107 583 1227 624 nodis
1258 597 1478 629 ramorum
1510 583 1661 623 decur-

122 656 224 694 runt
254 666 376 706 aeque
409 652 640 693 articulata
669 657 714 693 at
735 652 952 699 tenuiora3
984 652 1074 693 haec
1095 652 1217 692 initio
1239 665 1336 692 cum
1358 652 1461 693 axili
1483 651 1661 704 siphone

121 722 345 775 parallela.
380 722 536 764 sensim
567 722 703 775 magis
735 720 907 775 oblique
938 721 1229 774 peripheriam
1272 734 1422 762 versus
1466 719 1660 760 tendunt.

123 791 173 831 In
205 790 355 832 fronde
387 790 591 832 tubulosa
621 789 695 830 fila
725 790 935 830 interiora
965 789 1121 837 omnia,
1168 792 1244 829 aut
1276 788 1430 829 saltem
1461 788 1660 841 plurima,

123 863 309 900 stratum
355 858 810 912 infra-periphericum
841 857 1039 898 efficiunt.
1100 857 1195 897 Fila
1241 856 1525 910 peripherica,
1566 869 1661 909 quae

123 928 177 968 ab
210 927 279 968 axi
311 926 485 980 oblique
516 925 798 973 adscendunt„
829 929 1030 967 constant
1060 924 1254 966 articulis
1285 924 1566 966 interioribus
1587 924 1662 965 ob-

122 994 275 1049 longis,
309 995 595 1037 exterioribus
625 995 761 1048 magis
791 994 1036 1035 rotundatis
1072 993 1482 1047 adproximatisque‚
1515 993 1662 1033 termi-

122 1064 293 1105 nalibus
323 1064 367 1104 in
404 1068 587 1105 stratum
634 1063 722 1104 fere
768 1063 1017 1115 contiguum
1063 1062 1265 1103 corticale
1311 1061 1663 1103 coalescentibus.

122 1133 258 1174 Frons
290 1146 315 1173 a
346 1131 569 1185 superficie
601 1131 691 1172 visa
718 1130 897 1184 ‘apiculo
928 1131 1223 1184 proeminente
1253 1129 1590 1182 monosiphonio,
1624 1132 1665 1169 et

123 1202 409 1243 subdivisione
441 1201 612 1242 articuli
643 1200 881 1241 terminalis
912 1201 956 1241 in
987 1183 1193 1241 articulos
1223 1199 1495 1241 brevissimos
1517 1198 1663 1239 subdi-

122 1267 224 1319 viso,
257 1274 464 1323 superata
495 1258 697 1322 adparet3
729 1283 829 1310 mox
859 1267 974 1309 infra
1013 1269 1179 1321 apicem
1210 1268 1381 1309 articuli
1411 1268 1457 1309 in
1486 1266 1664 1308 cellulas

122 1338 415 1379 concentricas
462 1338 625 1392 (potius
673 1351 800 1390 quam
849 1338 1013 1392 ramos)
1060 1337 1333 1387 dividuntur3
1380 1337 1423 1377 in
1463 1335 1664 1376 inferiore

122 1410 245 1459 parte
275 1406 394 1447 frons
426 1405 591 1446 cellulis
622 1406 868 1446 rotundatis
901 1405 1212 1457 sub-contiguis
1243 1405 1450 1446 corticata
1471 1404 1664 1457 adparet.

235 1484 422 1526 Nucleus
468 1484 729 1537 adparenter
774 1483 955 1538 simplex
987 1488 1029 1525 et
1059 1484 1226 1525 ambitu
1257 1483 1470 1533 definitus,
1516 1496 1666 1524 revera

123 1558 320 1595 constare
352 1552 522 1594 videtur
552 1552 710 1594 lobulis
742 1552 958 1594 obconicis
996 1552 1191 1605 pluribus
1240 1556 1357 1593 arcte
1403 1538 1665 1593 conniventi-

122 1623 203 1665 bus
235 1626 277 1663 et
307 1622 433 1675 quasi
465 1621 655 1675 gelatina
687 1622 898 1663 communi
932 1621 1144 1671 cohibitis,
1167 1622 1283 1661 intra
1305 1635 1410 1674 quos
1433 1619 1665 1673 gemmidia

123 1704 353 1732 numerosa
384 1691 619 1732 rotundata
652 1694 694 1731 et
724 1691 902 1740 minuta,
937 1691 1026 1731 sine
1057 1690 1209 1731 ordine
1240 1689 1469 1743 conspicuo
1502 1688 1665 1730 densis-

122 1761 227 1801 sime
259 1765 473 1813 congesta‚
504 1759 769 1800 nidulantur.
815 1758 955 1800 Lobos
978 1758 1062 1799 vidi
1086 1772 1112 1799 a
1133 1758 1203 1799 filo
1222 1757 1410 1812 quodam
1426 1757 1665 1810 placentari

122 1828 468 1870 moniliformiter
500 1828 741 1879 articulato,
774 1829 842 1870 vix
873 1842 1088 1871 crassmre
1110 1832 1188 1869 aut
1209 1828 1336 1869 aliter
1357 1831 1522 1869 mutato
1545 1840 1665 1879 egre-

127 1899 305 1948 dientes,
338 1912 363 1938 a
394 1897 466 1939 filo
498 1898 768 1950 generatrice
797 1898 1029 1947 radiantes,
1067 1897 1258 1951 gelatina
1293 1897 1512 1938 ambiente
1549 1909 1665 1949 gem-

121 1967 256 2008 midia
303 1967 474 2019 singula
517 1966 726 2020 lobosque
767 1966 810 2007 in
842 1980 975 2006 unum
1006 1965 1243 2007 cohibente.
1303 1964 1407 2015 Quae
1440 1965 1495 2005 sit
1526 1965 1667 2018 prima

121 2037 240 2090 origo
273 2035 412 2076 nuclei
443 2035 584 2076 dicere
615 2048 699 2076 non
731 2034 950 2076 auderem.
993 2034 1160 2075 Adsunt
1190 2034 1258 2074 hic
1289 2033 1377 2074 illic
1408 2033 1452 2074 in
1484 2033 1665 2074 ramulis

110 2104 355 2160 „fructiferis
386 2103 524 2155 magis
551 2102 812 2155 juvenilibus
844 2102 1008 2143 cellulae
1041 2102 1238 2155 quaedam
1270 2102 1454 2155 majores
1475 2102 1662 2142 nitentes

121 2176 165 2213 et
195 2172 319 2225 quasi
353 2171 685 2212 endochromate
717 2169 882 2223 liquido
914 2169 1102 2223 repletae,
1136 2183 1246 2210 nunc
1272 2169 1419 2222 plures
1441 2168 1666 2210 considen-

122 2246 199 2289 tes,
233 2254 418 2294 quarum
451 2239 739 2280 subdivisione
771 2238 1002 2291 gemmidia
1032 2238 1137 2279 oriri
1169 2238 1411 2291 suspicatus
1443 2252 1549 2278 sum.
1601 2236 1665 2278 Si-

122 2309 243 2350 milia
275 2309 319 2349 in
351 2307 572 2361 speciebus
604 2306 890 2347 Nemastomae
922 2306 1021 2347 vidi.

126 2441 160 2479 1.
193 2437 267 2478 GL.
299 2449 531 2477 CAPILLARIS
563 2434 723 2486 (Huds.
756 2433 884 2487 Anyl.
907 2449 954 2486 2⁹-
989 2435 1089 2490 591)
1127 2434 1279 2476 fronde
1316 2439 1502 2487 angusta
1532 2435 1665 2489 cylin-

237 2502 618 2546 ‹lraceo-tubulosa
650 2503 890 2544 lateraliter
921 2516 1027 2556 vage
1049 2503 1341 2544 ramosissima
1362 2503 1666 2567 decomposita,

236 2575 367 2615 ramis
408 2572 674 2626 ramulisque
721 2586 834 2612 nunc
879 2572 1098 2625 oppositis,
1144 2572 1665 2624 virgato-subdivaricatis

239 2644 443 2695 utrinque
475 2642 709 2682 attenuatis
740 2641 888 2682 acutis.
925 2639 1066 2683 Carme.
1098 2643 1144 2682 in
1177 2641 1346 2683 Berkel.
1380 2641 1519 2684 Glean
1542 2656 1590 2694 p.
1613 2643 1665 2682 45

238 2712 318 2753 tab.
356 2712 401 2751 17
426 2711 503 2765 figy.
538 2710 574 2751 3.
607 2709 653 2752 J.
686 2709 766 2763 Ay.
801 2709 872 2763 Sp.
898 2723 945 2762 p.
980 2711 1069 2750 161.
1111 2709 1249 2751 Ηανυ.
1293 2710 1422 2764 Phyc.
1462 2709 1543 2751 Br.
1583 2711 1664 2752 tab.

240 2781 303 2819 57.
335 2778 508 2820 Aresch.
557 2778 713 2820 Emmn.
759 2779 841 2820 tab.
889 2777 974 2820 IV.
1023 2776 1067 2819 C.
1102 2778 1232 2820 Kritz.
1278 2779 1361 2820 tab.
1405 2778 1533 2832 Phya
1578 2778 1665 2820 Vol.

244 2847 377 2889 XVI.
424 2847 507 2888 tab.
556 2848 620 2888 (57.
671 2847 772 2888 Fue.
820 2846 1047 2898 capillaris
1080 2846 1219 2888 Huds.
1256 2846 1280 2887 l.
1313 2861 1344 2888 c.
1380 2846 1512 2888 Turn.
1548 2846 1665 2888 Hist.
