1762 3036
148 116 227 159 160
707 114 1101 159 CRYPTONEMIAOEAE.
1459 119 1682 166 Prionitis.

145 230 182 270 8.
215 229 287 271 PR.
319 243 473 271 JUBATA
504 228 571 283 (J.
595 228 675 283 Ay.
711 230 782 283 Sp.
806 245 854 284 p.
887 232 987 286 190)
1018 231 1171 274 fronde
1202 234 1357 276 minori
1378 235 1587 288 pinnatim
1611 237 1682 278 de-

257 297 506 351 composita,
538 297 681 350 pinnis
712 312 845 352 supra
875 299 1022 341 basem
1063 299 1285 354 planatam
1316 303 1559 345 subtortam
1590 305 1682 358 pla-

255 367 321 407 nis
351 366 604 417 linearibus,
627 366 914 409 adultioribus
946 367 1291 423 sublanceolatis,
1314 385 1340 412 a
1359 373 1557 425 margine
1587 375 1681 427 pin-

259 434 420 476 nulatis
442 433 686 487 sparsiusve
707 435 910 488 dentatis,
936 435 1138 479 dentibus
1160 439 1470 491 patentissimis
1493 443 1682 484 acutius-

253 503 374 553 culis,
405 502 594 556 pinnulis
626 502 863 546 linearibus
895 505 1154 557 patentibus.
1197 505 1337 550 Gelid.
1384 510 1681 564 erassvf0712··nm

260 572 374 613 Post.
407 573 446 612 et
477 570 619 623 Rupr.

403 651 514 694 Hab.
546 652 590 694 in
621 651 791 695 Oceano
823 653 1002 707 pacifico
1034 656 1269 708 superiore.

139 746 175 787 9.
206 744 278 786 ΡΒ.
325 744 497 786 LYALLH
541 744 704 798 (Harv.
751 748 898 801 mser.)
950 745 1104 788 fronde
1148 747 1303 801 majori
1349 748 1562 801 pinnatim
1607 749 1680 791 de-

252 813 489 867 composita
542 813 805 867 adparenter
858 818 1152 866 concatenata,
1206 816 1349 868 pinnis
1404 817 1679 872 pinnulisque

251 882 484 936 majoribus
517 882 989 933 cuneato-lanceolatis,
1022 883 1147 937 quasi
1178 883 1338 925 isthmo
1370 884 1523 926 lineari
1554 900 1580 927 a
1609 900 1680 927 ra-

250 950 373 992 chide
404 949 569 991 inferne
600 949 691 991 fere
721 951 1002 993 teretiuscula
1033 966 1217 1005 superne
1239 952 1395 994 lineari
1417 955 1676 1007 egredienti-

248 1019 343 1070 bus,
374 1032 558 1072 superne
597 1017 794 1060 dilatatis
825 1019 1078 1072 pinnulatis,
1116 1020 1308 1073 pinnulis
1334 1021 1597 1075 juvenilibus
1629 1022 1679 1063 li-

249 1087 456 1130 nearibus
489 1086 803 1140 spathulatisve
835 1087 1158 1130 obtusiusculis.

403 1167 472 1209 Ad
501 1166 696 1208 Insulam
728 1166 991 1209 Vancouver.

226 1249 348 1284 Frons
375 1260 493 1292 usque
520 1247 667 1293 pedalis
693 1247 772 1281 fere
810 1247 850 1281 in
887 1248 1039 1283 modum
1078 1248 1253 1293 Opuntiae
1291 1251 1512 1295 composita,
1549 1250 1677 1296 pinnis

134 1307 216 1342 basi
243 1310 407 1352 angusta
432 1304 764 1350 provenientibus,
792 1316 955 1350 superne
982 1305 1152 1341 dilatatis
1178 1307 1313 1351 pinnas
1333 1307 1544 1342 conformes
1563 1319 1676 1353 gene-

132 1366 322 1405 rantibus;
349 1363 477 1409 pinnis
504 1363 647 1398 diversi
672 1362 817 1398 ordinis
853 1364 1004 1398 demum
1043 1364 1189 1399 caulem
1226 1366 1486 1411 angustiorem
1512 1369 1551 1400 at
1576 1377 1674 1401 eras-

134 1423 305 1457 usculum
334 1425 372 1456 et
397 1420 570 1466 margine
595 1420 825 1464 inaequalem
852 1420 1117 1456 formantibus.
1168 1422 1330 1458 Fructus
1358 1423 1482 1458 nullos
1510 1423 1600 1458 vidi.

133 1597 276 1649 ΧΧΧῙ.
314 1602 681 1649 CRYPTONEMIA
718 1607 763 1650 J.
796 1607 885 1662 Ay(
910 1608 1008 1661 Algs.
1048 1609 1154 1651 maed.
1190 1623 1237 1662 p.
1273 1609 1363 1650 100.
1399 1609 1469 1662 Sp.
1503 1609 1599 1663 Azy.
1623 1624 1670 1664 p.

246 1680 341 1720 224.

133 1783 269 1825 Frons
300 1782 431 1837 plana
461 1783 694 1825 chartacea
725 1797 837 1837 saepe
874 1783 1120 1824 caulescens
1150 1782 1267 1824 varie
1299 1781 1435 1824 divisa
1465 1785 1540 1823 aut
1570 1797 1670 1836 pro-

246 1852 555 1894 lificationibus
587 1866 772 1901 ramosa,
804 1852 952 1893 stratis
983 1851 1072 1892 fere
1103 1851 1243 1893 tribus
1266 1853 1485 1901 contexta3
1519 1851 1668 1892 interi-

245 1933 318 1960 ore
350 1919 432 1960 filis
464 1919 676 1973 elongatis
707 1920 888 1961 ramosis
935 1919 1065 1960 dense
1103 1919 1364 1969 intertextis3
1411 1918 1666 1961 intermedio

245 1987 409 2029 cellulis
440 1986 700 2039 rotundatis,
733 1987 1003 2041 superficiem
1034 2001 1181 2028 versus
1203 1986 1454 2028 minoribus.
1517 1985 1664 2040 &ysto-

243 2057 396 2109 carpia
440 2056 485 2096 in
531 2055 688 2110 phyllis
736 2055 972 2096 minoribus
1019 2054 1315 2102 subimmersa,
1357 2054 1400 2095 in
1432 2054 1672 2097 alterutera

243 2125 404 2178 pagina
435 2123 774 2177 subprominula,
807 2124 1094 2176 carpostomio
1126 2127 1289 2176 aperta,
1314 2123 1512 2164 nucleum
1535 2124 1668 2178 adpa-

242 2196 388 2233 renter
421 2191 670 2245 simplicem,
704 2191 870 2232 ambitu
900 2191 1139 2239 definitum,
1172 2191 1379 2241 foventia3
1413 2191 1588 2233 nucleus
1611 2191 1665 2232 ad

242 2259 315 2301 fila
346 2261 555 2301 interiora
587 2274 819 2313 suspensus
858 2259 1191 2312 subsphaericus,
1229 2259 1345 2300 intra
1382 2259 1502 2301 lobos
1541 2261 1665 2309 obco-

242 2329 358 2370 nicos
391 2342 417 2370 a
446 2332 606 2382 puncto
637 2327 773 2369 basali
805 2328 1037 2372 radiantes,
1080 2331 1197 2369 arcte
1237 2328 1510 2369 conniventes
1549 2342 1666 2382 gem-

244 2396 377 2438 midia
407 2396 594 2450 plurima
623 2395 1104 2449 rotundato-angulata,
1137 2395 1226 2436 sine
1257 2394 1407 2436 ordine
1439 2396 1665 2449 conspicuo

241 2464 498 2519 conglobata
528 2468 570 2505 et
601 2464 724 2518 quasi
770 2477 892 2505 muco
938 2463 1128 2505 cohibita
1173 2463 1406 2504 continens.
1471 2463 1665 2515 Sphcero-

240 2547 378 2586 sporce
408 2534 453 2574 in
483 2531 770 2587 sporophyllis
800 2531 985 2585 propriis
1024 2535 1100 2572 aut
1136 2530 1251 2572 infra
1296 2531 1438 2583 apices
1469 2531 1512 2571 in
1544 2545 1663 2573 soros

242 2600 497 2642 rotundatos
550 2600 752 2648 collectae,
804 2604 941 2641 strato
988 2599 1389 2641 subnemathecioso
1435 2599 1659 2650 immersza

239 2668 435 2722 oblongae
469 2668 693 2710 cruciatim
725 2668 883 2709 divisae.

241 2771 450 2812 Nucleum
482 2771 536 2812 ad
569 2771 753 2812 eundem
783 2775 932 2826 typum
963 2784 1011 2811 ac
1042 2771 1086 2811 in
1117 2770 1413 2824 Schizymenia
1444 2776 1486 2812 et
1517 2771 1660 2813 Gloio-

126 2841 324 2896 siphonia
369 2841 609 2884 confectum
655 2841 798 2882 videre
843 2840 1018 2881 credidi.
1086 2839 1180 2880 Fila
1210 2840 1428 2886 interiora,
1461 2840 1658 2881 nucleum
