1762 3036
104 116 389 161 Nemastoma.
671 115 1066 158 CRYPTONEMIACEAE.
1556 117 1633 160 127

209 229 550 284 prolificantibus
583 230 787 284 utrinque
830 229 1078 281 attenuatis,
1118 230 1317 284 plurimis
1357 245 1383 273 a
1419 235 1635 274 sub-mar-

208 299 304 352 gine
348 298 537 340 rachidis
597 298 993 353 compressiusculae
1039 299 1330 342 subdistichis.
1379 300 1516 343 Harv.
1566 300 1636 343 Fl.

212 370 353 409 Tasm.
376 381 423 420 p.
455 368 532 408 3⁵27
567 368 648 410 tab.
684 367 762 409 195
794 367 851 409 A.

356 447 424 489 Ad
454 447 730 490 Tasmaniam
760 447 952 502 (Harvey
965 447 996 504 Ξ)

185 528 353 563 Stratum
389 528 553 563 interius
587 532 738 564 constat
769 528 843 562 filis
870 541 946 563 non
972 529 1173 564 admodum
1200 530 1344 575 densis,
1370 531 1544 576 plurimis
1572 532 1635 566 ad-

94 589 273 633 parenter
311 586 621 631 simpliciusculis
659 590 723 621 aut
760 587 913 632 parcius
947 588 1119 622 ramosis.
1170 588 1254 622 Fila
1279 588 1521 634 peripherica
1546 592 1636 624 sunt

94 646 152 678 sat
179 643 370 689 elongata,
393 643 433 677 in
457 643 638 679 inferiore
659 647 768 689 parte
787 643 967 690 elongata
985 644 1237 679 crassiuscula
1256 646 1429 681 articulis
1449 646 1634 682 diametro

93 711 208 745 usque
234 701 350 745 duplo
374 700 631 746 longioribus3
650 701 690 735 in
709 701 899 736 exteriore
926 713 993 736 sua
1014 705 1123 746 parte
1156 702 1220 736 fila
1238 703 1433 738 corticalia
1451 707 1540 738 sunt
1557 704 1634 738 illis

90 758 211 792 muIto
236 757 424 801 tenuiora,
451 757 623 792 articulis
650 758 881 803 adparenter
907 758 1352 805 sphaerico-ellipsoideis
1380 762 1602 796 constituta.

90 851 127 891 4.
159 849 209 890 N.
252 863 413 890 COMOSA
443 849 609 904 (Ham).
638 851 738 904 Azy.
773 854 907 894 austr.
957 865 1044 894 exs.
1075 866 1128 894 πο
1161 853 1264 909 432)
1294 853 1446 896 fronde
1477 855 1631 908 gelati-

203 917 476 959 noso-lubria
507 918 1052 973 cylindraceo-compressa
1089 920 1343 975 longissima
1372 922 1537 965 inferne
1569 923 1633 965 di-

204 991 371 1029 stanter
387 987 568 1039 furcata,
592 1002 776 1042 superne
799 990 934 1031 multo
957 990 1153 1032 tenuiore
1175 992 1356 1045 repetite
1376 992 1632 1046 dichotoma,

199 1070 277 1110 per
308 1059 445 1098 totam
476 1055 791 1110 longitudinem
833 1059 966 1100 ramis
997 1058 1134 1100 multo
1165 1060 1436 1102 tenuioribus
1467 1062 1632 1115 simpli-

199 1124 399 1166 ciusculis
444 1128 521 1166 aut
564 1138 694 1178 parce
732 1125 912 1169 furcatis
952 1127 1262 1181 patentissimis
1296 1129 1464 1183 jubata,
1498 1132 1632 1173 ramis

200 1193 545 1247 prolificantibus
591 1195 795 1249 utrinque
841 1197 1091 1246 attenuatis.
1138 1197 1335 1251 plurimis
1375 1213 1401 1240 a
1437 1201 1632 1255 margine

198 1262 387 1305 rachidis
418 1277 672 1317 compressae
704 1265 990 1307 subdistichis.
1040 1265 1180 1309 Harv.
1218 1266 1347 1321 Phye.
1380 1273 1514 1310 austr.
1547 1271 1629 1312 tab.

200 1331 292 1372 109·
351 1399 461 1442 Hab.
494 1401 550 1442 ad
582 1415 737 1443 novam
768 1401 1044 1445 Hollandiam
1077 1405 1327 1448 australem.

176 1479 327 1524 Harvey
353 1491 437 1514 cum
464 1481 573 1526 signo
600 1481 704 1516 dubii
729 1482 827 1517 hanc
853 1483 900 1517 ad
925 1483 1208 1519 Nemastomam
1234 1486 1382 1531 retulit,
1409 1487 1513 1522 nullo
1539 1499 1630 1522 vero

87 1546 269 1581 expresso
296 1537 410 1573 dubio
436 1538 482 1573 N.
509 1538 714 1584 Feredayae
740 1539 843 1574 inter
868 1541 1015 1585 species
1043 1541 1202 1577 Generis
1230 1544 1479 1579 enumeravit.
1512 1545 1629 1579 Fruc-

85 1595 148 1627 tus
174 1594 299 1628 nullos
327 1594 481 1638 quidem
508 1595 599 1639 vidi,
628 1599 666 1630 at
693 1598 925 1631 structuram
950 1598 1220 1644 Nemastomae,
1245 1600 1285 1634 in
1311 1600 1380 1635 hac
1406 1604 1448 1636 ut
1466 1601 1505 1636 in
1524 1605 1628 1637 ante-

86 1649 248 1683 cedente
276 1661 486 1695 agnoscere
513 1652 658 1696 putavi.
708 1652 793 1687 Fila
817 1653 1004 1689 interiora
1029 1654 1328 1700 simpliciuscula
1353 1658 1540 1703 adparent
1565 1662 1629 1693 aut

85 1717 198 1750 parce
223 1718 389 1750 ramosa3
416 1708 519 1742 intra
544 1712 707 1744 stratum
732 1710 1015 1755 periphericum
1042 1714 1345 1749 anastomosibus
1371 1727 1484 1760 parce
1495 1717 1629 1761 juncta

85 1763 176 1797 vidi.
228 1764 311 1798 Fila
335 1765 578 1810 peripherica
608 1767 647 1801 in
683 1770 792 1811 parte
824 1768 1009 1804 interiore
1036 1770 1184 1805 cellulis
1218 1771 1627 1817 elliptico—rotundatis

84 1821 214 1865 paucis
242 1822 365 1867 (3m5)
392 1823 612 1868 majoribus,
638 1836 816 1870 grumosa
841 1826 1001 1861 materia
1026 1827 1172 1873 sarens,
1198 1829 1428 1872 constituta3
1454 1830 1494 1865 in
1519 1834 1627 1876 parte

85 1880 277 1914 exteriore
304 1879 379 1915 filis
405 1881 692 1926 angustioribus
720 1883 972 1927 cylindraceis
998 1886 1227 1930 articulatis,
1254 1887 1549 1923 endochromate
1575 1889 1627 1923 el-

83 1936 217 1982 liptico
244 1940 309 1972 aut
334 1939 539 1974 rotundato
564 1940 672 1984 quasi
698 1940 1031 1987 moniliformibus,
1058 1946 1248 1980 constant.

8 2080 11 2081 γ
83 2042 120 2082 5.
151 2041 203 2083 N.
234 2056 517 2086 MARGINIFERA
547 2044 610 2097 (J.
643 2046 724 2100 Ay.
759 2047 830 2101 Sp.
853 2062 901 2102 Ρ.
944 2049 1044 2105 165)
1086 2048 1238 2091 fronde
1269 2050 1625 2104 gelatinoso-car-

197 2125 315 2161 nosa,
363 2125 389 2153 a
420 2113 565 2166 stipite
611 2116 829 2173 cuneatim
873 2130 1065 2171 expansa
1098 2119 1143 2160 in
1179 2119 1385 2161 laminam
1417 2120 1625 2162 minorem

195 2179 371 2232 planam
423 2182 778 2236 crassiusculam‚·
814 2185 1030 2240 integram
1076 2191 1153 2228 aut
1196 2201 1325 2240 parce
1361 2188 1624 2241 laciniatam,

195 2261 222 2288 a
266 2248 460 2302 margine
506 2250 666 2306 phyllis
708 2253 1002 2296 consimilibus
1041 2255 1306 2309 proliferam.
1346 2256 1518 2300 Cromm
1551 2258 1624 2300 Fl.

199 2316 355 2358 Finist.
386 2318 469 2359 tab.
502 2319 565 2360 13.

347 2385 413 2427 Ad
444 2385 567 2429 littus
598 2387 855 2432 atlanticum
885 2389 1052 2433 Galliae.

84 2488 120 2529 6.
153 2487 203 2530 N.
235 2502 498 2532 LANOEOLATA
543 2492 700 2545 (Ηανυ.
739 2497 889 2552 mser.)
922 2495 1074 2538 fronde
1112 2497 1558 2552 gelatinoso-carnosa
1596 2514 1623 2543 a

194 2557 340 2611 stipite
371 2560 585 2601 cuneatim
611 2574 799 2616 expansa
828 2564 872 2605 in
901 2563 1107 2606 laminam
1135 2565 1311 2619 planam
1340 2581 1620 2621 permagnam

195 2638 325 2678 parce
370 2625 671 2681 dichotomam‚
715 2633 946 2685 segmentis
984 2633 1236 2676 lanceolatis
1274 2635 1468 2689 margine
1511 2641 1620 2679 atte-

194 2695 353 2735 nuatis.
411 2694 458 2737 J.
490 2696 545 2739 A.
578 2698 651 2751 Sp.
675 2713 724 2752 p.
757 2701 848 2744 165.
881 2702 974 2744 Aet.
1008 2702 1137 2745 Helm
1162 2704 1268 2745 1847
1281 2718 1330 2757 p.
1353 2706 1402 2745 91
1427 2706 1509 2747 tab.
1543 2706 1620 2749 VI.

198 2761 365 2805 Iridoea
400 2762 638 2817 Pappeana
674 2768 804 2811 Kiitz.
837 2770 920 2811 tab.
959 2769 1088 2824 Phye.
1135 2771 1221 2814 Vol.
1258 2772 1423 2816 XVII.
1447 2774 1529 2816 tab.
1554 2777 1617 2817 19.

346 2842 412 2884 Ad
444 2842 545 2898 Cap.
577 2846 617 2888 b.
650 2846 762 2901 Spei.
