1757 3114
142 87 223 127 464
602 83 605 86 ’
738 86 1040 126 DELESSERIEAE.
1367 86 1668 139 Nitophyllum.

255 201 350 254 gine
383 200 543 241 minute
588 196 1007 240 undulato-crenatis
1057 199 1146 240 basi
1195 200 1521 247 subcontractis.
1562 199 1669 240 soris

253 283 330 322 per
362 268 545 308 mediam
577 267 773 308 frondem
814 266 993 307 evolutis
1025 267 1186 320 figuras
1218 269 1477 322 irregulares
1510 268 1669 308 suban-

254 336 425 390 gulatas
456 334 756 382 formantibus,
792 335 988 388 pluribus
1012 335 1190 377 invicem
1212 336 1523 389 adproximatis
1547 336 1670 389 quasi

253 405 387 445 lineas
420 403 613 444 sinuosas
646 404 758 444 inter
790 417 939 444 nervos
972 403 1272 445 formantibus.

310 471 374 511 Ad
407 471 527 512 littus
559 471 795 512 Britanniae
830 471 1130 512 meridionalis.
1164 471 1294 525 (Dzua
1324 467 1571 527 Griffithsl).

231 551 381 596 Species
409 562 466 585 me
501 551 629 595 judice
669 550 844 596 insignis,
883 550 1033 584 nomine
1061 551 1105 584 N.
1132 551 1258 585 Hilliae
1287 552 1375 586 olim
1413 552 1505 585 mihi
1542 552 1669 586 missa.

140 609 275 642 Forma
301 608 376 642 sori
402 608 448 641 ad
474 608 518 642 N.
547 608 744 642 alliaceum
771 607 930 650 eomedit,
950 610 988 641 at
1007 607 1257 652 (lispcfflitione
1277 620 1446 642 sororum
1465 609 1567 642 inter
1585 620 1670 642 ner-

140 677 204 699 vos
232 676 314 698 cum
339 665 570 709 Hymenenis
609 666 852 699 conveniens
903 664 939 698 Si
965 665 1093 709 plures
1133 666 1277 710 species
1316 666 1403 699 olim
1441 667 1671 710 detegantur

139 721 206 754 hac
233 715 529 757 conformatione
568 722 853 763 convenientes,
892 721 1018 756 forsan
1056 722 1196 757 tribum
1236 722 1309 757 sibi
1346 722 1538 767 proprium
1569 723 1670 756 inter

138 778 472 823 Myriogrammata
496 778 554 813 his
581 779 814 813 constituere
841 782 1073 823 opporteret.

139 870 204 910 33.
236 869 287 910 N.
319 883 510 911 VENOSUM
542 870 705 924 (Harv.
742 871 841 911 Ner.
873 875 1007 912 (lustr.
1030 885 1077 923 p.
1128 872 1226 926 118)
1273 872 1417 925 stipite
1463 872 1582 913 brevi
1628 873 1671 912 in

252 938 447 980 frondem
494 953 775 994 permagnam
821 939 1116 980 tenuissimam
1169 940 1400 993 oblongam
1447 941 1669 993 palmatim

251 1007 317 1048 vel
350 1007 646 1060 subpinuatim
679 1021 782 1061 vage
814 1007 1074 1052 laciniatam,
1122 1008 1261 1049 nervis
1308 1008 1670 1049 anastomosanti-

254 1077 335 1118 bus
367 1091 616 1130 percursam
649 1078 846 1123 abeunte.
880 1076 990 1118 lobis
1022 1074 1219 1129 oblongis
1249 1077 1568 1128 ‹⁷›btusiusculis3
1602 1091 1671 1130 cy-

254 1146 480 1198 stocarpiis
512 1159 589 1198 per
620 1144 814 1186 frondem
848 1145 1028 1198 sparsis3
1067 1145 1175 1186 soris
1214 1159 1290 1198 per
1321 1149 1457 1186 totam
1489 1145 1667 1197 superfi-

250 1214 357 1254 ciem
388 1214 501 1254 inter
532 1227 658 1255 venas
692 1213 923 1266 dispositis,
958 1213 1138 1266 singulis
1171 1214 1358 1259 minutis,
1391 1218 1436 1254 at
1472 1213 1667 1266 pluribus

254 1281 433 1323 invicem
464 1282 775 1334 adproximatis
808 1282 931 1334 quasi
963 1282 1154 1322 maculas
1194 1282 1450 1334 compositas
1497 1281 1665 1321 demum

253 1351 510 1391 rotundatas
543 1350 842 1391 formantibus.
874 1350 919 1392 J.
952 1351 1033 1403 Ay.
1069 1351 1140 1403 Sp.
1164 1364 1210 1402 p.
1245 1351 1337 1391 668.
1367 1349 1464 1402 ΑΜ.
1485 1349 1667 1391 undula-

251 1422 337 1460 ἴτων,
372 1420 500 1461 Krete.
534 1420 616 1461 tab.
652 1419 776 1473 Pngye.
822 1419 907 1460 Vol.
945 1418 1072 1460 XVI
1097 1419 1178 1460 tab.
1212 1418 1290 1459 38?

404 1487 510 1529 Hab.
543 1487 598 1528 ad
630 1486 732 1541 Cap.
764 1488 803 1529 b.
836 1487 946 1541 Spei.

137 1592 202 1632 34.
235 1591 285 1632 N.
317 1605 579 1632 MULTINERVE
612 1591 769 1645 (Hoolc.
802 1595 839 1632 et
872 1590 1007 1633 Harv.
1042 1592 1176 1633 Loml.
1209 1592 1355 1632 Ioum.
1390 1591 1469 1632 IV.
1492 1604 1539 1643 p.
1572 1591 1667 1643 255)

250 1661 394 1713 stipite
442 1660 560 1701 brevi
592 1664 773 1701 cuneato
805 1664 982 1710 costato,
1016 1675 1114 1700 mox
1160 1660 1345 1701 abeunte
1391 1659 1433 1699 in
1472 1658 1666 1699 frondem

250 1728 677 1771 subflabelliformem
723 1742 827 1782 vage
874 1728 1123 1769 laciniatam
1154 1732 1229 1769 aut
1260 1727 1565 1780 subpalmatim
1597 1726 1667 1768 fis-

250 1812 352 1848 sam,
386 1798 526 1839 nervis
557 1797 709 1838 validis
742 1797 994 1838 dichotomis
1023 1811 1191 1837 sursum
1215 1795 1384 1849 longius
1406 1808 1666 1848 percursam,

248 1867 414 1908 laciniis
445 1865 847 1919 cuneato-oblongis
879 1865 1101 1906 undulatis
1133 1868 1174 1905 et
1205 1878 1309 1918 vage
1331 1864 1565 1915 laciniatis3
1599 1878 1668 1917 cy-

249 1935 475 1987 stocarpiis
506 1948 583 1987 per
614 1934 809 1975 frondem
841 1934 1020 1986 sparsis3
1053 1934 1161 1974 soris
1192 1932 1382 1973 maculas
1413 1931 1669 1972 rotundatas

250 2003 361 2043 inter
393 2016 520 2043 venas
560 2002 797 2043 evidentius
845 2002 1025 2042 seriatas
1070 2000 1370 2042 formantibus.
1403 1999 1448 2041 J.
1480 1999 1560 2051 Ay.
1595 1999 1667 2052 Sp.

242 2086 287 2124 2).
321 2072 413 2111 [566.

251 2140 358 2181 Hab.
392 2140 446 2180 ad
479 2153 576 2180 oras
609 2139 736 2180 Novae
783 2138 996 2180 Zelandiae
1044 2138 1284 2192 (Berggren
1317 2142 1357 2179 et
1389 2137 1469 2178 Hb.
1517 2136 1667 2192 Harv.)

400 2208 452 2249 ad
487 2206 577 2260 Cap
612 2207 740 2248 Horu.
772 2207 874 2260 (Hb.
907 2207 1079 2261 Grayl).

227 2286 440 2332 Specimina
471 2286 668 2331 juvenilia,
706 2287 792 2321 lobo
829 2285 1092 2330 3⁷—4pollicari
1132 2288 1290 2320 euneato
1334 2286 1555 2328 constituta,
1589 2286 1666 2330 jam

135 2345 271 2379 eximie
297 2356 472 2386 nervosa,
500 2344 647 2378 demum
688 2344 884 2377 evidenter
923 2342 1110 2387 stipiteta,
1150 2342 1281 2386 stipite
1313 2354 1411 2376 nunc
1438 2353 1583 2386 quoque
1608 2354 1666 2376 ra-

135 2413 251 2444 moso,
277 2400 391 2434 ramis
416 2400 569 2435 frondes
603 2400 788 2434 discretas
816 2398 1107 2433 sustinentibus.
1159 2398 1402 2442 Cystocarpia
1427 2410 1525 2432 nunc
1550 2409 1666 2433 nervo

136 2458 351 2491 evidentius
378 2457 568 2501 imposita,
595 2468 693 2490 nuno
719 2468 836 2490 nervo
863 2456 925 2490 vix
951 2456 1166 2499 conspicuo,
1194 2467 1212 2489 e
1239 2456 1532 2500 parenchyniate
1559 2456 1665 2499 quasi

136 2515 384 2560 emergentia.
420 2515 501 2549 Sori
528 2515 630 2548 inter
656 2526 770 2548 venas
798 2513 1076 2558 adproximatas
1103 2514 1181 2548 fere
1202 2514 1346 2557 seriati,
1367 2514 1536 2548 seriebus
1564 2525 1663 2558 saepe

135 2571 314 2615 geminis,
340 2572 504 2605 maculas
532 2572 755 2605 rotundatas
782 2570 947 2604 minores
973 2570 1193 2604 formantes.

136 2664 202 2704 35.
235 2664 284 2704 N.
316 2677 561 2704 LA'rissIMUM
594 2664 751 2715 (Harv.
784 2668 925 2715 mser.)
957 2664 1101 2716 stipite
1134 2664 1251 2705 brevi
1274 2665 1315 2704 iu
1338 2663 1531 2704 frondem
1564 2664 1663 2718 sub-

249 2731 610 2773 flabelliformiter
642 2746 876 2785 expansam
908 2732 1294 2784 palmatilobatam,
1327 2732 1492 2773 inferne
1525 2733 1663 2772 nervis

249 2799 400 2842 validis
432 2799 683 2842 flabellatim
717 2800 1043 2841 excurrentibus
1076 2801 1329 2841 (lieliotoniis
1358 2805 1398 2840 et
1420 2804 1664 2841 anastomo-
