1757 3114
86 172 388 227 Sarcophgyllis.
695 174 1019 214 DUMONmoEAE.
1537 175 1616 215 263

85 286 207 332 spatia
233 285 465 328 secundatis,
493 297 592 319 nunc
618 285 796 330 utrinque
823 285 1064 328 exeuntibus,
1090 285 1293 329 majoribus
1332 284 1618 327 minoribusque

83 342 223 377 mixtis.
275 343 319 376 In
344 341 514 386 pinnulis
543 342 801 387 superioribus
828 341 1204 377 clavato-linearibus
1224 343 1320 377 hanc
1340 342 1503 387 speciem
1522 342 1619 376 fruc-

87 401 235 436 tiferam
261 400 353 435 vidi.

172 456 387 503 Specimina
410 469 531 503 pauca
554 458 666 503 hujus
694 461 731 493 et
758 457 1021 494 antecedentis
1042 458 1196 503 speciei,
1216 469 1298 502 quae
1317 458 1510 501 hucusque
1530 456 1621 501 vidi,

82 515 237 551 nimium
263 515 428 550 invicem
454 515 649 560 differunt,
677 527 787 560 quam
812 518 855 550 ut
881 515 927 550 ad
959 526 1071 549 unam
1109 515 1342 560 eandemque
1369 514 1535 561 speciem
1562 526 1620 548 ea-

82 573 167 608 dem
193 571 389 617 pertinere
417 583 611 607 assumere
637 573 830 607 auderem.

81 753 201 805 [Ml.
239 756 617 805 SARCOPHYLLIS
653 765 698 810 J.
732 765 813 819 Ay.
843 779 967 807 mser.

81 870 217 912 Frons
262 870 601 924 carnoso—plana
645 869 946 917 crassiuscula,
994 882 1128 922 supra
1181 869 1372 922 stipitem
1425 871 1621 920 cuneata,

193 951 300 991 vage
330 938 522 980 lacerata
552 937 719 979 laciniis
752 936 1142 988 subconformibus,
1177 936 1325 977 stratis
1357 936 1524 977 duobus
1547 939 1623 976 aut

194 1008 283 1050 fere
315 1009 456 1051 tribus
488 1012 707 1050 contexta:
739 1008 945 1050 interiore
976 1006 1060 1048 filis
1091 1007 1346 1048 densissime
1378 1006 1622 1048 intertextis

195 1077 439 1119 articulatis
471 1077 666 1127 ramosis,
699 1077 985 1132 cylindraceis
1017 1079 1094 1117 aut
1124 1076 1192 1117 hic
1223 1075 1312 1116 illic
1335 1075 1622 1117 intumescen-

194 1147 330 1197 tibus3
363 1146 558 1188 corticali
579 1146 745 1188 cellulis
767 1145 1114 1188 subverticaliter
1137 1144 1320 1195 seriatis,
1344 1144 1622 1185 interioribus

197 1215 430 1270 majoribus
463 1215 842 1264 subconcentricis,
874 1214 1160 1256 exterioribus
1190 1213 1347 1254 sensim
1369 1212 1621 1263 minoribus,

193 1283 236 1324 in
269 1283 654 1337 sphaerosporifera
684 1283 728 1324 in
773 1283 847 1324 fila
893 1283 1097 1336 elongata
1142 1282 1338 1323 evolutis.
1399 1279 1622 1334 Oystocar-

185 1354 270 1406 pia
307 1352 452 1394 frondi
497 1353 609 1394 inter
641 1352 819 1394 cellulas
851 1353 1078 1394 interiores
1110 1351 1237 1393 strati
1282 1350 1498 1392 corticalis
1544 1350 1623 1391 im-

193 1435 347 1469 mersa,
380 1421 593 1463 solutione
625 1421 763 1474 partis
794 1421 968 1462 demum
1014 1420 1212 1471 liberata,
1260 1419 1412 1461 nucleo
1459 1418 1622 1472 simpli-

194 1489 382 1531 ciusculo
415 1490 669 1541 constituta3
704 1490 881 1531 nucleus
905 1503 930 1530 a
951 1488 1035 1531 filis
1066 1488 1429 1531 moniliformibus
1461 1488 1623 1529 brevis-

193 1559 298 1600 sime
329 1559 571 1600 articulatis
603 1559 791 1600 curvatis
824 1559 981 1600 sensim
1012 1557 1313 1599 tranformatis
1347 1560 1480 1607 ortus,
1504 1569 1622 1610 gem-

193 1628 337 1669 midiis
382 1627 631 1681 majusculis
680 1627 888 1682 oblongis,
936 1631 1088 1668 mutua
1131 1627 1352 1680 pressione
1388 1625 1620 1679 angulatis,

194 1696 284 1737 sine
316 1697 466 1738 ordine
513 1697 742 1749 conspicuo
788 1696 1072 1749 conglobatis,
1120 1709 1243 1736 muco
1275 1694 1488 1741 cohibitis,
1521 1708 1622 1735 0011-

194 1769 325 1806 stans.
389 1764 704 1818 Sphoerosporoe
749 1765 862 1806 inter
906 1764 981 1805 fila
1027 1764 1153 1805 strati
1192 1763 1453 1817 peripherici
1485 1762 1623 1816 magis

195 1833 368 1875 evoluta
413 1848 565 1875 zonam
597 1834 849 1875 interiorem
895 1833 1138 1875 densiorem
1184 1832 1433 1884 formantes,
1474 1835 1623 1873 rotun-

194 1901 305 1944 datae
337 1915 503 1955 maguae
535 1903 760 1944 cruciatim
792 1902 951 1943 divisae.

194 2007 290 2049 Jam
321 2008 365 2048 in
397 2007 629 2061 Speciebus
661 2007 869 2061 Algarum
915 2021 1012 2061 pag.
1062 2008 1141 2048 170
1187 2006 1335 2047 monui
1385 2006 1623 2059 8071109100-

81 2078 201 2118 niam
230 2076 391 2118 edulem
421 2077 476 2118 ab
508 2076 603 2118 aliis
650 2076 872 2130 speciebus
918 2076 1098 2118 Generis
1130 2090 1156 2116 a
1186 2089 1254 2116 me
1294 2075 1517 2116 constituti
1559 2074 1623 2115 di-

44 2137 46 2139 ·
82 2146 359 2187 versitatibus
391 2145 652 2199 quidusdam
684 2145 911 2198 utriusque
942 2144 1109 2185 fructus
1132 2143 1320 2185 differre.
1363 2143 1502 2184 Hodie
1525 2157 1623 2196 per-

84 2218 240 2268 specta,
273 2218 321 2255 ut
352 2214 625 2267 speraverim,
673 2213 942 2255 formationis
975 2227 1128 2255 norma
1173 2213 1541 2267 cystocarpiorum
1580 2212 1624 2252 in

84 2284 312 2337 generibus
343 2283 541 2336 pluribus
574 2283 630 2324 ad
661 2283 995 2324 Dumontiaceas
1042 2282 1205 2332 relatis,
1252 2294 1485 2335 agnoscere
1531 2294 1622 2320 cre-

84 2351 173 2394 didi
204 2352 388 2394 eundem
419 2365 510 2392 esse
549 2351 821 2393 formationis
867 2351 1042 2392 modum
1087 2349 1347 2404 cystocarpii
1378 2349 1421 2389 in
1457 2349 1624 2390 Iridsea

85 2421 198 2463 eduh‘
228 2424 466 2462 auctorum.
527 2421 698 2461 Adsunt
728 2420 932 2461 nimirum
962 2420 1007 2460 111
1038 2420 1244 2461 1111011010
1289 2418 1455 2459 frondis
1497 2431 1622 2471 supe-

86 2489 213 2531 rioris
258 2489 485 2537 fructiferi,
517 2489 561 2530 in
593 2503 700 2530 zona
744 2489 827 2530 filis
873 2488 1095 2542 paulisper
1139 2488 1280 2528 minus
1327 2486 1467 2527 farcta
1511 2487 1623 2527 inter

86 2561 270 2600 stratum
300 2559 518 2599 internum
551 2561 681 2611 atque
714 2561 853 2599 strata
897 2558 1125 2610 utriusque
1173 2556 1341 2609 paginae
1388 2555 1621 2603 corticalia,

86 2626 159 2668 fila
188 2627 264 2669 illa
296 2628 547 2681 singularia,
570 2627 903 2669 vermiformiter
935 2630 1125 2675 curvata,
1159 2624 1351 2666 articulis
1383 2623 1622 2665 monilifor-

87 2697 226 2739 mibus
258 2697 520 2739 brevissimis
551 2697 784 2750 (diametro
823 2695 1117 2747 brevioribus)
1155 2694 1403 2743 constituta,
1444 2706 1494 2734 ex
1527 2694 1622 2746 qui-

86 2765 166 2806 bus
196 2766 335 2806 nuclei
367 2766 410 2805 in
441 2764 761 2806 Dumontiaceis
800 2765 986 2818 propriis
1027 2763 1238 2810 omnibus,
1272 2776 1297 2802 a
1327 2774 1394 2801 me
1427 2761 1620 2814 cognitis,

87 2832 262 2874 formari
298 2834 508 2874 videntur.
567 2832 790 2885 Ejusmodi
820 2832 903 2874 filis
934 2833 1051 2873 intra
1082 2830 1189 2872 alios
1221 2829 1405 2871 Ordines
1427 2829 1621 2870 Floride-

92 2914 213 2942 arum
243 2902 324 2943 rite
356 2901 564 2942 limitatos
596 2901 817 2954 hucusque
848 2900 1018 2954 ignotis,
1051 2913 1270 2941 assumere
1301 2911 1424 2952 posse
1457 2897 1621 2939 credidi
