1757 3114
116 118 363 173 Apophloea.
726 117 843 160 Cum
852 131 1027 159 ANGIEAE.
1564 115 1642 155 537

226 231 393 286 Cryptae
434 232 824 286 sphaerosporiferae
862 233 961 273 sunt
999 233 1135 272 strato
1181 228 1377 272 corticali
1419 228 1643 279 immersae,

113 300 321 354 plurimae,
353 300 536 354 simplici
566 300 679 343 infra
707 300 998 355 peripheriam
1030 312 1137 340 zona
1166 296 1393 340 fructifera
1413 296 1644 350 dispositae,

113 382 188 409 nec
233 367 430 421 pluribus
471 373 519 410 ut
549 383 599 411 ex
640 370 823 427 analysi·
846 369 1100 421 Harveyana
1136 367 1366 409 videretur.
1428 364 1644 406 Juveniles

113 440 156 476 et
186 450 211 477 a
243 437 466 489 superficie
498 438 735 480 observatae
767 442 868 478 sunt
898 436 1189 477 ambientibus
1219 435 1303 476 filis
1325 435 1530 481 obscurae,
1554 432 1645 486 glo-

113 503 234 546 bulos
267 518 415 546 aereos
446 505 535 547 fere
581 506 855 556 mentientes3
903 503 1139 545 adultiores
1185 503 1343 544 sensim
1388 501 1573 555 majores
1604 504 1646 542 et

111 573 154 613 in
186 578 402 627 segmento
448 575 566 615 tenui
611 575 864 628 plerumque
909 573 1115 623 dissectae,
1163 575 1406 613 monstrant
1450 573 1645 624 cryptam

112 642 388 683 rotundatam
421 647 496 684 aut
527 644 704 693 ovalem,
744 656 854 684 nunc
900 655 1070 696 quoque
1116 641 1336 694 paulisper
1381 637 1643 693 angulatam,

92 709 271 769 ‚orificio
303 710 539 752 evidentius
570 711 716 752 hiante
747 710 839 752 fere
866 709 1112 750 immediate
1144 712 1352 761 apertam,
1385 712 1461 748 aut
1481 707 1525 747 in
1546 719 1644 759 pro-

111 777 283 819 fundius
314 779 524 821 immersis
555 779 769 820 mediante
801 778 941 819 canali
981 777 1169 818 breviori
1206 777 1408 830 perviam.
1469 775 1519 816 In
1551 788 1644 828 seg-

112 852 252 889 mento
284 848 464 890 feliciter
494 848 622 890 ducto
654 849 836 902 adparet
866 851 1038 901 cryptas
1083 847 1204 887 tenui
1252 849 1403 896 strato,
1435 844 1517 885 filis
1549 848 1644 885 tan-

111 917 358 969 gentialiter
391 917 717 959 excurrentibus
749 917 878 958 dense
923 915 1165 956 intertextis
1211 917 1421 964 contexto,
1469 916 1644 954 externe

111 987 270 1027 cinctas
301 999 410 1037 esse3
434 1000 484 1028 ex
509 982 594 1028 'hoc
625 990 760 1027 strato
792 985 865 1026 fila
896 984 1041 1026 brevia
1078 984 1314 1025 introrsum
1345 985 1513 1033 exeunt,
1546 996 1643 1022 cen-

110 1058 225 1096 trum
256 1069 402 1096 versus
424 1059 582 1109 cryptae
605 1053 917 1108 convergentia,
939 1052 1061 1094 initio
1083 1052 1251 1093 minora
1281 1055 1323 1092 et
1352 1050 1426 1091 fila
1456 1049 1643 1091 clavato-

110 1121 340 1164 articulata
371 1123 688 1173 constituentia,
721 1122 876 1164 sensim
917 1121 1130 1162 crassiora
1167 1123 1209 1161 et
1238 1120 1282 1160 in
1321 1118 1643 1172 sphaerosporas

111 1191 333 1243 elongatas
356 1191 541 1232 zonatim
573 1191 731 1233 divisas
762 1194 939 1240 mutata,
964 1189 1102 1231 basali
1123 1188 1308 1230 articulo
1330 1188 1533 1238 acutiore,
1555 1190 1642 1228 ter-

110 1259 256 1300 minali
284 1260 450 1301 obtuso.
510 1260 674 1301 Praeter
704 1259 789 1311 fila,
823 1273 917 1313 quae
949 1259 1270 1312 spliaerosporas
1301 1257 1549 1298 inchoantes
1574 1256 1642 1309 ju-

109 1327 258 1378 dicavi,
291 1332 333 1369 et
361 1328 447 1370 alia
478 1329 676 1382 quaedam
697 1329 957 1382 paucissima
987 1331 1029 1368 et
1060 1327 1202 1368 rarius
1232 1326 1514 1376 obvenientia,
1547 1339 1642 1379 quae

108 1397 380 1439 membranas
412 1398 549 1450 sporis
581 1398 745 1439 emissis
778 1397 968 1439 nondum
999 1395 1162 1438 deletas
1202 1395 1416 1448 suspicor3
1462 1407 1642 1448 parane-

108 1469 227 1507 mata
257 1466 434 1519 propria
465 1466 585 1507 nulla
615 1465 713 1507 vidi.

111 1583 145 1624 1.
177 1582 224 1622 A.
257 1581 485 1623 SINCLAIRH
516 1581 677 1636 (Harv.
709 1583 754 1624 in
786 1580 920 1623 Hook.
970 1581 1105 1622 Lond.
1151 1578 1306 1622 Journ.
1351 1579 1383 1621 I
1394 1578 1439 1620 V.
1461 1592 1507 1631 p.
1541 1578 1642 1633 550)

221 1651 413 1699 uncialis,
446 1650 726 1701 crassissima,
758 1649 910 1691 fronde
933 1662 1064 1702 supra
1084 1652 1286 1689 truncum
1317 1650 1507 1688 erectum
1539 1645 1641 1687 den-

222 1719 384 1760 sissime
416 1732 599 1770 ramosa,
630 1719 761 1760 ramis
793 1718 1102 1772 adproximatis
1134 1716 1424 1758 conformibus
1455 1716 1641 1757 obtusis-

220 1787 350 1833 simis,
384 1788 583 1829 brevibus
614 1787 847 1841 firmisque,
879 1786 1148 1841 longitudine
1170 1785 1428 1827 diametrum
1449 1785 1640 1838 ipsorum

219 1862 285 1898 ter
330 1861 570 1911 quaterque
612 1861 853 1910 superante.
901 1857 1038 1898 Ham).
1086 1855 1159 1897 Fl.
1209 1855 1315 1896 Nov.
1362 1853 1447 1896 Zel.
1480 1868 1528 1906 p.
1561 1854 1642 1894 244

219 1926 301 1966 tab.
336 1927 412 1966 116
446 1925 502 1966 B.
538 1926 668 1967 Κὶἱιῗε..
699 1925 782 1967 tab.
818 1925 946 1978 Pleyc.
991 1924 1078 1966 Vol.
1115 1923 1242 1966 XIX
1269 1923 1350 1965 tab.
1382 1924 1448 1964 44.

277 1993 387 2035 Hab.
420 1993 474 2034 ad
506 2007 603 2035 oras
634 1993 762 2035 Novae
795 1993 1006 2035 Zelandiae
1039 1991 1263 2046 (Sinclairl
1296 1991 1568 2047 Berggrenl).

198 2073 296 2117 Alga
320 2072 523 2117 paradoxa,
550 2076 591 2108 ut
615 2073 768 2108 videtur
796 2073 958 2117 socialis,
985 2072 1127 2118 lapillis
1154 2072 1386 2116 rupibusque
1413 2072 1562 2116 adnata,
1588 2072 1642 2107 ita

109 2141 236 2165 crassa
261 2132 373 2173 atque
398 2129 506 2164 firma
530 2134 585 2175 ut,
604 2131 696 2165 licet
713 2131 917 2166 mollisima
935 2131 1162 2173 substantia,
1181 2134 1309 2165 tamen
1328 2132 1456 2164 erecta
1470 2130 1640 2170 maneat3

108 2187 187 2221 fere
213 2186 358 2221 diceres
386 2187 543 2221 Cereum
568 2199 706 2222 nanum
733 2188 1004 2223 submarinum.
1055 2187 1200 2222 Seniles
1228 2186 1379 2231 stipites
1407 2186 1556 2220 demum
1581 2196 1640 2218 su-
1665 2188 1667 2190 ’

108 2256 177 2288 pra
201 2244 331 2278 basem
359 2244 453 2278 solvi
491 2244 684 2289 videntur,
722 2256 818 2279 nova
853 2244 980 2279 forsan
1017 2245 1190 2290 plantula
1215 2256 1235 2278 a
1259 2246 1366 2289 parte
1391 2243 1520 2277 infima
1545 2242 1640 2276 cica-

108 2301 245 2335 tricata
270 2300 396 2334 forsan
422 2300 495 2334 alio
521 2303 692 2345 tempore
725 2304 957 2347 emergente.
1008 2301 1128 2345 Supra
1153 2300 1329 2335 truncum
1354 2301 1508 2335 brevem
1534 2299 1639 2344 plan-

108 2360 190 2394 tula
213 2358 252 2392 in
277 2368 401 2392 ramos
427 2358 608 2402 plurimos
636 2360 715 2394 abit
739 2359 980 2394 fasciculatos
1015 2362 1053 2393 et
1085 2370 1185 2403 saepe
1210 2358 1441 2402 fastigiatos,
1467 2357 1640 2391 candela-

108 2418 219 2451 brum
244 2415 417 2460 plurimis
445 2416 610 2450 brachiis
637 2420 810 2451 ornatum
839 2428 904 2451 suo
930 2416 1040 2451 modo
1066 2415 1249 2450 referens.
1284 2415 1498 2449 Madefacta
1522 2414 1639 2459 pluri-

109 2484 209 2506 mum
234 2474 356 2506 tumet
382 2475 420 2506 et
436 2473 514 2506 fere
534 2472 724 2517 glutinosa
744 2473 826 2507 aliis
846 2473 1065 2517 corporibus
1087 2473 1268 2515 adhaeret,
1288 2472 1503 2507 substantia
1519 2471 1636 2506 molli.

109 2530 310 2564 Exsiccata
334 2530 531 2575 nigrescit.

111 2634 145 2674 2.
178 2633 225 2674 A.
256 2631 428 2672 LYALLH
459 2632 615 2686 (Hoolc.
638 2638 675 2675 et
696 2634 833 2677 Harv.
858 2635 930 2677 Fl.
957 2635 1062 2676 Nov.
1086 2634 1172 2676 ch.
1186 2649 1234 2687 20.
1257 2635 1357 2687 244)
1378 2635 1637 2688 tri-quadri-

221 2699 438 2754 pollicaris
468 2700 691 2743 frondibus
713 2703 958 2756 caespitosis,
981 2702 1144 2744 inferne
1167 2716 1299 2755 supra
1320 2702 1507 2755 stipitem
1520 2705 1637 2744 >atte-

221 2773 400 2810 nuatum
438 2769 789 2823 simpliciusculis,
832 2786 1013 2825 superne
1059 2772 1635 2827 dichotomo-decompositis,

220 2838 350 2879 ramis
383 2837 561 2880 invicem
593 2839 851 2883 distantibus
883 2855 959 2882 suo
995 2841 1204 2883 diametro
1243 2839 1441 2894 multiplo
1471 2840 1635 2894 longio-
