<?xml version="1.0" encoding="UTF-8"?>
<!DOCTYPE html PUBLIC "-//W3C//DTD XHTML 1.0 Transitional//EN"
    "http://www.w3.org/TR/xhtml1/DTD/xhtml1-transitional.dtd">
<html xmlns="http://www.w3.org/1999/xhtml" xml:lang="en" lang="en">
 <head>
  <title>
</title>
<meta http-equiv="Content-Type" content="text/html;charset=utf-8" />
  <meta name='ocr-system' content='tesseract 3.04.00' />
  <meta name='ocr-capabilities' content='ocr_page ocr_carea ocr_par ocr_line ocrx_word'/>
</head>
<body>
  <div class='ocr_page' id='page_1' title='image "./speciesgeneraeto0301agar_0595.png"; bbox 0 0 1757 3114; ppageno 0'>
   <div class='ocr_carea' id='block_1_1' title="bbox 56 159 1592 209">
    <p class='ocr_par' dir='ltr' id='par_1_1' title="bbox 56 159 1592 209">
     <span class='ocr_line' id='line_1_1' title="bbox 56 159 1592 209; baseline -0.003 -3"><span class='ocrx_word' id='word_1_1' title='bbox 56 161 386 206; x_wconf 69' lang='lat' dir='ltr'>Caulaeantlms.</span> <span class='ocrx_word' id='word_1_2' title='bbox 703 159 944 209; x_wconf 70' lang='lat' dir='ltr'>SOLIERIEAE.</span> <span class='ocrx_word' id='word_1_3' title='bbox 1512 162 1561 202; x_wconf 76' lang='lat'>57</span> <span class='ocrx_word' id='word_1_4' title='bbox 1569 162 1592 202; x_wconf 79' lang='lat'>9</span> 
     </span>
    </p>
   </div>
   <div class='ocr_carea' id='block_1_2' title="bbox 0 274 1594 2864">
    <p class='ocr_par' dir='ltr' id='par_1_2' title="bbox 0 274 1594 2864">
     <span class='ocr_line' id='line_1_2' title="bbox 54 274 1592 330; baseline -0.001 -12"><span class='ocrx_word' id='word_1_5' title='bbox 54 277 251 330; x_wconf 87' lang='lat' dir='ltr'>pluribus</span> <span class='ocrx_word' id='word_1_6' title='bbox 296 279 514 317; x_wconf 85' lang='lat' dir='ltr'>coronata.</span> <span class='ocrx_word' id='word_1_7' title='bbox 575 274 869 327; x_wconf 86' lang='lat' dir='ltr'>Pericarpium</span> <span class='ocrx_word' id='word_1_8' title='bbox 916 277 1085 315; x_wconf 86' lang='lat' dir='ltr'>constat</span> <span class='ocrx_word' id='word_1_9' title='bbox 1138 277 1275 315; x_wconf 87' lang='lat' dir='ltr'>strato</span> <span class='ocrx_word' id='word_1_10' title='bbox 1320 274 1592 327; x_wconf 87' lang='lat' dir='ltr'>peripherico</span> 
     </span>
     <span class='ocr_line' id='line_1_3' title="bbox 53 343 1592 397; baseline -0.001 -11"><span class='ocrx_word' id='word_1_11' title='bbox 53 345 216 386; x_wconf 82' lang='lat' dir='ltr'>frondis</span> <span class='ocrx_word' id='word_1_12' title='bbox 238 345 306 386; x_wconf 83' lang='lat' dir='ltr'>vix</span> <span class='ocrx_word' id='word_1_13' title='bbox 328 343 832 397; x_wconf 26' lang='lat' dir='ltr'>conspicue·incrassat03</span> <span class='ocrx_word' id='word_1_14' title='bbox 865 343 1200 395; x_wconf 87' lang='lat' dir='ltr'>carpostomium</span> <span class='ocrx_word' id='word_1_15' title='bbox 1223 343 1395 384; x_wconf 85' lang='lat' dir='ltr'>demum</span> <span class='ocrx_word' id='word_1_16' title='bbox 1416 347 1592 396; x_wconf 90' lang='lat' dir='ltr'>ruptum</span> 
     </span>
     <span class='ocr_line' id='line_1_4' title="bbox 21 408 1591 461; baseline -0.001 -8"><span class='ocrx_word' id='word_1_17' title='bbox 21 459 23 461; x_wconf 47' lang='grc'><strong>,</strong></span> <span class='ocrx_word' id='word_1_18' title='bbox 53 412 232 454; x_wconf 76' lang='lat' dir='ltr'>latei-ale</span> <span class='ocrx_word' id='word_1_19' title='bbox 264 412 360 453; x_wconf 90' lang='lat' dir='ltr'>vidi.</span> <span class='ocrx_word' id='word_1_20' title='bbox 421 411 628 453; x_wconf 86' lang='lat' dir='ltr'>Placenta</span> <span class='ocrx_word' id='word_1_21' title='bbox 659 424 683 451; x_wconf 83' lang='lat' dir='ltr'>a</span> <span class='ocrx_word' id='word_1_22' title='bbox 715 410 818 451; x_wconf 90' lang='lat' dir='ltr'>tubo</span> <span class='ocrx_word' id='word_1_23' title='bbox 850 408 1032 450; x_wconf 84' lang='lat' dir='ltr'>centrali</span> <span class='ocrx_word' id='word_1_24' title='bbox 1077 414 1125 451; x_wconf 87' lang='lat' dir='ltr'>ut</span> <span class='ocrx_word' id='word_1_25' title='bbox 1170 410 1339 451; x_wconf 86' lang='lat' dir='ltr'>videtur</span> <span class='ocrx_word' id='word_1_26' title='bbox 1383 409 1591 460; x_wconf 78' lang='lat' dir='ltr'>formata3</span> 
     </span>
     <span class='ocr_line' id='line_1_5' title="bbox 54 478 1592 531; baseline -0.003 -9"><span class='ocrx_word' id='word_1_27' title='bbox 54 482 127 522; x_wconf 89' lang='lat' dir='ltr'>sed</span> <span class='ocrx_word' id='word_1_28' title='bbox 159 482 274 522; x_wconf 89' lang='lat' dir='ltr'>intra</span> <span class='ocrx_word' id='word_1_29' title='bbox 304 481 503 522; x_wconf 79' lang='lat' dir='ltr'>nucleum</span> <span class='ocrx_word' id='word_1_30' title='bbox 534 480 664 521; x_wconf 86' lang='lat' dir='ltr'>tubus</span> <span class='ocrx_word' id='word_1_31' title='bbox 695 478 879 527; x_wconf 75' lang='lat' dir='ltr'>evanuit,</span> <span class='ocrx_word' id='word_1_32' title='bbox 912 482 955 520; x_wconf 89' lang='lat' dir='ltr'>et</span> <span class='ocrx_word' id='word_1_33' title='bbox 986 478 1114 531; x_wconf 81' lang='lat' dir='ltr'>plexu</span> <span class='ocrx_word' id='word_1_34' title='bbox 1144 478 1314 520; x_wconf 88' lang='lat' dir='ltr'>filorum</span> <span class='ocrx_word' id='word_1_35' title='bbox 1346 482 1592 519; x_wconf 88' lang='lat' dir='ltr'>anastomo-</span> 
     </span>
     <span class='ocr_line' id='line_1_6' title="bbox 54 546 1593 602; baseline -0.002 -12"><span class='ocrx_word' id='word_1_36' title='bbox 54 550 242 590; x_wconf 86' lang='lat' dir='ltr'>santium</span> <span class='ocrx_word' id='word_1_37' title='bbox 274 549 474 602; x_wconf 88' lang='lat' dir='ltr'>placenta</span> <span class='ocrx_word' id='word_1_38' title='bbox 505 548 708 589; x_wconf 73' lang='lat' dir='ltr'>centralis</span> <span class='ocrx_word' id='word_1_39' title='bbox 741 546 1032 588; x_wconf 73' lang='lat' dir='ltr'>constituitur.</span> <span class='ocrx_word' id='word_1_40' title='bbox 1064 546 1325 595; x_wconf 69' lang='lat' dir='ltr'>Placentam,</span> <span class='ocrx_word' id='word_1_41' title='bbox 1360 547 1593 589; x_wconf 81' lang='lat' dir='ltr'>admodum</span> 
     </span>
     <span class='ocr_line' id='line_1_7' title="bbox 54 614 1593 669; baseline -0.001 -11"><span class='ocrx_word' id='word_1_42' title='bbox 54 616 267 659; x_wconf 85' lang='lat' dir='ltr'>evolutam</span> <span class='ocrx_word' id='word_1_43' title='bbox 290 617 536 665; x_wconf 66' lang='lat' dir='ltr'>centralem„</span> <span class='ocrx_word' id='word_1_44' title='bbox 566 617 694 658; x_wconf 87' lang='lat' dir='ltr'>nullis</span> <span class='ocrx_word' id='word_1_45' title='bbox 726 615 808 657; x_wconf 91' lang='lat' dir='ltr'>filis</span> <span class='ocrx_word' id='word_1_46' title='bbox 841 614 1060 656; x_wconf 88' lang='lat' dir='ltr'>sterilibus</span> <span class='ocrx_word' id='word_1_47' title='bbox 1093 615 1360 657; x_wconf 79' lang='lat' dir='ltr'>evidentibus</span> <span class='ocrx_word' id='word_1_48' title='bbox 1392 630 1488 657; x_wconf 90' lang='lat' dir='ltr'>cum</span> <span class='ocrx_word' id='word_1_49' title='bbox 1519 629 1593 669; x_wconf 91' lang='lat' dir='ltr'>pe-</span> 
     </span>
     <span class='ocr_line' id='line_1_8' title="bbox 53 682 1592 739; baseline -0.001 -13"><span class='ocrx_word' id='word_1_50' title='bbox 53 685 240 738; x_wconf 87' lang='lat' dir='ltr'>ricarpio</span> <span class='ocrx_word' id='word_1_51' title='bbox 267 685 462 739; x_wconf 84' lang='lat' dir='ltr'>junctam</span> <span class='ocrx_word' id='word_1_52' title='bbox 494 685 723 727; x_wconf 83' lang='lat' dir='ltr'>observare</span> <span class='ocrx_word' id='word_1_53' title='bbox 754 683 947 737; x_wconf 79' lang='lat' dir='ltr'>contigit.</span> <span class='ocrx_word' id='word_1_54' title='bbox 989 682 1109 724; x_wconf 89' lang='lat' dir='ltr'>Inter</span> <span class='ocrx_word' id='word_1_55' title='bbox 1140 683 1259 725; x_wconf 89' lang='lat' dir='ltr'>lobos</span> <span class='ocrx_word' id='word_1_56' title='bbox 1283 683 1490 737; x_wconf 84' lang='lat' dir='ltr'>placentae</span> <span class='ocrx_word' id='word_1_57' title='bbox 1513 698 1592 725; x_wconf 89' lang='lat' dir='ltr'>nu-</span> 
     </span>
     <span class='ocr_line' id='line_1_9' title="bbox 52 751 1592 807; baseline -0.001 -12"><span class='ocrx_word' id='word_1_58' title='bbox 52 754 208 795; x_wconf 88' lang='lat' dir='ltr'>cleolos</span> <span class='ocrx_word' id='word_1_59' title='bbox 239 753 527 801; x_wconf 64' lang='lat' dir='ltr'>fasciculatos,</span> <span class='ocrx_word' id='word_1_60' title='bbox 561 766 905 807; x_wconf 77' lang='lat' dir='ltr'>quoquoversum</span> <span class='ocrx_word' id='word_1_61' title='bbox 937 751 1228 805; x_wconf 83' lang='lat' dir='ltr'>peripheriam</span> <span class='ocrx_word' id='word_1_62' title='bbox 1250 766 1397 793; x_wconf 87' lang='lat' dir='ltr'>versus</span> <span class='ocrx_word' id='word_1_63' title='bbox 1418 752 1592 794; x_wconf 88' lang='lat' dir='ltr'>radian-</span> 
     </span>
     <span class='ocr_line' id='line_1_10' title="bbox 52 819 1592 876; baseline -0.002 -12"><span class='ocrx_word' id='word_1_64' title='bbox 52 827 128 871; x_wconf 76' lang='lat' dir='ltr'>tes,</span> <span class='ocrx_word' id='word_1_65' title='bbox 161 823 391 876; x_wconf 88' lang='lat' dir='ltr'>dispositos</span> <span class='ocrx_word' id='word_1_66' title='bbox 423 822 520 863; x_wconf 86' lang='lat' dir='ltr'>vidi.</span> <span class='ocrx_word' id='word_1_67' title='bbox 581 822 676 862; x_wconf 81' lang='lat' dir='ltr'>Fila</span> <span class='ocrx_word' id='word_1_68' title='bbox 707 819 1021 875; x_wconf 79' lang='lat' dir='ltr'>gemmidiifera</span> <span class='ocrx_word' id='word_1_69' title='bbox 1052 820 1231 861; x_wconf 88' lang='lat' dir='ltr'>invicem</span> <span class='ocrx_word' id='word_1_70' title='bbox 1263 820 1413 872; x_wconf 75' lang='lat' dir='ltr'>libera,</span> <span class='ocrx_word' id='word_1_71' title='bbox 1443 821 1592 874; x_wconf 79' lang='lat' dir='ltr'>paucis</span> 
     </span>
     <span class='ocr_line' id='line_1_11' title="bbox 52 889 1593 944; baseline -0.001 -12"><span class='ocrx_word' id='word_1_72' title='bbox 52 891 247 933; x_wconf 79' lang='lat' dir='ltr'>articulis</span> <span class='ocrx_word' id='word_1_73' title='bbox 279 892 526 941; x_wconf 78' lang='lat' dir='ltr'>constituta⁷</span> <span class='ocrx_word' id='word_1_74' title='bbox 558 890 834 932; x_wconf 85' lang='lat' dir='ltr'>inferioribus</span> <span class='ocrx_word' id='word_1_75' title='bbox 867 889 1096 938; x_wconf 79' lang='lat' dir='ltr'>sterilibus,</span> <span class='ocrx_word' id='word_1_76' title='bbox 1121 889 1339 931; x_wconf 89' lang='lat' dir='ltr'>terminali</span> <span class='ocrx_word' id='word_1_77' title='bbox 1360 889 1593 944; x_wconf 82' lang='lat' dir='ltr'>gemmidia</span> 
     </span>
     <span class='ocr_line' id='line_1_12' title="bbox 52 957 1507 1013; baseline 0 -14"><span class='ocrx_word' id='word_1_78' title='bbox 52 973 130 1012; x_wconf 90' lang='lat' dir='ltr'>pro</span> <span class='ocrx_word' id='word_1_79' title='bbox 161 960 459 1013; x_wconf 76' lang='lat' dir='ltr'>magnitudine</span> <span class='ocrx_word' id='word_1_80' title='bbox 492 958 631 1000; x_wconf 89' lang='lat' dir='ltr'>nuclei</span> <span class='ocrx_word' id='word_1_81' title='bbox 664 972 823 1012; x_wconf 80' lang='lat' dir='ltr'>magna</span> <span class='ocrx_word' id='word_1_82' title='bbox 854 957 1246 1011; x_wconf 80' lang='lat' dir='ltr'>oblongo-obovata</span> <span class='ocrx_word' id='word_1_83' title='bbox 1277 958 1507 999; x_wconf 77' lang='lat' dir='ltr'>evolvente.</span> 
     </span>
     <span class='ocr_line' id='line_1_13' title="bbox 144 1024 1593 1082; baseline -0.001 -13"><span class='ocrx_word' id='word_1_84' title='bbox 144 1027 334 1082; x_wconf 77' lang='lat' dir='ltr'>‚Species</span> <span class='ocrx_word' id='word_1_85' title='bbox 380 1027 588 1081; x_wconf 81' lang='lat' dir='ltr'>Algarum</span> <span class='ocrx_word' id='word_1_86' title='bbox 622 1027 812 1068; x_wconf 87' lang='lat' dir='ltr'>scribens</span> <span class='ocrx_word' id='word_1_87' title='bbox 844 1024 1188 1067; x_wconf 87' lang='lat' dir='ltr'>Caulacanthum</span> <span class='ocrx_word' id='word_1_88' title='bbox 1228 1025 1416 1080; x_wconf 77' lang='lat' dir='ltr'>Hypneae</span> <span class='ocrx_word' id='word_1_89' title='bbox 1448 1027 1593 1080; x_wconf 78' lang='lat' dir='ltr'>proxi-</span> 
     </span>
     <span class='ocr_line' id='line_1_14' title="bbox 50 1094 1593 1150; baseline 0.001 -14"><span class='ocrx_word' id='word_1_90' title='bbox 50 1110 167 1138; x_wconf 88' lang='lat' dir='ltr'>mum</span> <span class='ocrx_word' id='word_1_91' title='bbox 199 1097 333 1150; x_wconf 75' lang='lat' dir='ltr'>posui,</span> <span class='ocrx_word' id='word_1_92' title='bbox 367 1097 569 1144; x_wconf 69' lang='lat' dir='ltr'>incertus,</span> <span class='ocrx_word' id='word_1_93' title='bbox 603 1111 686 1150; x_wconf 78' lang='lat' dir='ltr'>quo</span> <span class='ocrx_word' id='word_1_94' title='bbox 708 1096 800 1137; x_wconf 93' lang='grc'>1000</span> <span class='ocrx_word' id='word_1_95' title='bbox 833 1096 977 1138; x_wconf 88' lang='lat' dir='ltr'>Genus</span> <span class='ocrx_word' id='word_1_96' title='bbox 1008 1096 1129 1150; x_wconf 87' lang='lat' dir='ltr'>cujus</span> <span class='ocrx_word' id='word_1_97' title='bbox 1161 1099 1262 1137; x_wconf 84' lang='lat' dir='ltr'>tunc</span> <span class='ocrx_word' id='word_1_98' title='bbox 1294 1096 1499 1149; x_wconf 89' lang='lat' dir='ltr'>temporis</span> <span class='ocrx_word' id='word_1_99' title='bbox 1530 1094 1593 1150; x_wconf 80' lang='lat' dir='ltr'>ig-</span> 
     </span>
     <span class='ocr_line' id='line_1_15' title="bbox 49 1164 1593 1219; baseline -0.001 -12"><span class='ocrx_word' id='word_1_100' title='bbox 49 1171 153 1207; x_wconf 89' lang='lat' dir='ltr'>nota</span> <span class='ocrx_word' id='word_1_101' title='bbox 182 1165 358 1206; x_wconf 83' lang='lat' dir='ltr'>fuerunt</span> <span class='ocrx_word' id='word_1_102' title='bbox 389 1165 671 1219; x_wconf 72' lang='lat' dir='ltr'>cystocarpia,</span> <span class='ocrx_word' id='word_1_103' title='bbox 707 1164 858 1206; x_wconf 86' lang='lat' dir='ltr'>melius</span> <span class='ocrx_word' id='word_1_104' title='bbox 891 1165 1173 1217; x_wconf 84' lang='lat' dir='ltr'>disponerem.</span> <span class='ocrx_word' id='word_1_105' title='bbox 1235 1164 1284 1205; x_wconf 92' lang='lat' dir='ltr'>In</span> <span class='ocrx_word' id='word_1_106' title='bbox 1306 1165 1512 1218; x_wconf 90' lang='lat' dir='ltr'>opusculo</span> <span class='ocrx_word' id='word_1_107' title='bbox 1541 1165 1593 1206; x_wconf 88' lang='lat' dir='ltr'>de</span> 
     </span>
     <span class='ocr_line' id='line_1_16' title="bbox 50 1232 1593 1286; baseline -0.001 -11"><span class='ocrx_word' id='word_1_108' title='bbox 50 1232 254 1275; x_wconf 84' lang='lat' dir='ltr'>Bornetia</span> <span class='ocrx_word' id='word_1_109' title='bbox 284 1233 389 1273; x_wconf 87' lang='lat' dir='ltr'>mihi</span> <span class='ocrx_word' id='word_1_110' title='bbox 420 1234 520 1274; x_wconf 88' lang='lat' dir='ltr'>vitio</span> <span class='ocrx_word' id='word_1_111' title='bbox 551 1233 744 1283; x_wconf 76' lang='lat' dir='ltr'>vertitur,</span> <span class='ocrx_word' id='word_1_112' title='bbox 777 1232 891 1286; x_wconf 86' lang='lat' dir='ltr'>quod</span> <span class='ocrx_word' id='word_1_113' title='bbox 914 1232 1085 1274; x_wconf 82' lang='lat' dir='ltr'>Genera</span> <span class='ocrx_word' id='word_1_114' title='bbox 1114 1232 1254 1285; x_wconf 78' lang='lat' dir='ltr'>plura,</span> <span class='ocrx_word' id='word_1_115' title='bbox 1288 1237 1329 1274; x_wconf 89' lang='lat' dir='ltr'>et</span> <span class='ocrx_word' id='word_1_116' title='bbox 1360 1233 1472 1275; x_wconf 82' lang='lat' dir='ltr'>inter</span> <span class='ocrx_word' id='word_1_117' title='bbox 1501 1233 1593 1274; x_wconf 83' lang='lat' dir='ltr'>haec</span> 
     </span>
     <span class='ocr_line' id='line_1_17' title="bbox 50 1301 1593 1356; baseline -0.001 -12"><span class='ocrx_word' id='word_1_118' title='bbox 50 1301 394 1344; x_wconf 87' lang='lat' dir='ltr'>Caulacanthum</span> <span class='ocrx_word' id='word_1_119' title='bbox 426 1302 585 1343; x_wconf 81' lang='lat' dir='ltr'>infelici</span> <span class='ocrx_word' id='word_1_120' title='bbox 618 1316 748 1343; x_wconf 82' lang='lat' dir='ltr'>manu</span> <span class='ocrx_word' id='word_1_121' title='bbox 780 1315 912 1355; x_wconf 85' lang='lat' dir='ltr'>prope</span> <span class='ocrx_word' id='word_1_122' title='bbox 950 1301 1187 1356; x_wconf 63' lang='lat' dir='ltr'>Hypneam</span> <span class='ocrx_word' id='word_1_123' title='bbox 1226 1302 1339 1343; x_wconf 85' lang='lat' dir='ltr'>male</span> <span class='ocrx_word' id='word_1_124' title='bbox 1370 1301 1593 1355; x_wconf 90' lang='lat' dir='ltr'>disposue-</span> 
     </span>
     <span class='ocr_line' id='line_1_18' title="bbox 49 1370 1592 1425; baseline -0.001 -12"><span class='ocrx_word' id='word_1_125' title='bbox 49 1373 142 1413; x_wconf 88' lang='lat' dir='ltr'>rim.</span> <span class='ocrx_word' id='word_1_126' title='bbox 203 1371 265 1413; x_wconf 87' lang='lat' dir='ltr'>De</span> <span class='ocrx_word' id='word_1_127' title='bbox 296 1370 568 1425; x_wconf 70' lang='lat' dir='ltr'>MontagneQ</span> <span class='ocrx_word' id='word_1_128' title='bbox 602 1372 673 1425; x_wconf 86' lang='lat' dir='ltr'>qui</span> <span class='ocrx_word' id='word_1_129' title='bbox 707 1376 806 1412; x_wconf 88' lang='lat' dir='ltr'>ante</span> <span class='ocrx_word' id='word_1_130' title='bbox 843 1384 910 1412; x_wconf 88' lang='lat' dir='ltr'>me</span> <span class='ocrx_word' id='word_1_131' title='bbox 941 1370 1124 1412; x_wconf 86' lang='lat' dir='ltr'>eundem</span> <span class='ocrx_word' id='word_1_132' title='bbox 1157 1371 1319 1412; x_wconf 85' lang='lat' dir='ltr'>Fucum</span> <span class='ocrx_word' id='word_1_133' title='bbox 1351 1371 1592 1412; x_wconf 87' lang='lat' dir='ltr'>ustulatum</span> 
     </span>
     <span class='ocr_line' id='line_1_19' title="bbox 49 1439 1592 1495; baseline -0.001 -14"><span class='ocrx_word' id='word_1_134' title='bbox 49 1440 238 1495; x_wconf 81' lang='lat' dir='ltr'>Hypneae</span> <span class='ocrx_word' id='word_1_135' title='bbox 271 1440 454 1493; x_wconf 87' lang='lat' dir='ltr'>speciem</span> <span class='ocrx_word' id='word_1_136' title='bbox 486 1439 781 1486; x_wconf 71' lang='lat' dir='ltr'>constituerat,</span> <span class='ocrx_word' id='word_1_137' title='bbox 813 1443 928 1480; x_wconf 89' lang='lat' dir='ltr'>tacet</span> <span class='ocrx_word' id='word_1_138' title='bbox 960 1443 1121 1480; x_wconf 78' lang='lat' dir='ltr'>auctor.</span> <span class='ocrx_word' id='word_1_139' title='bbox 1164 1439 1261 1493; x_wconf 90' lang='lat' dir='ltr'>Ipse</span> <span class='ocrx_word' id='word_1_140' title='bbox 1290 1453 1391 1481; x_wconf 86' lang='lat' dir='ltr'>vero</span> <span class='ocrx_word' id='word_1_141' title='bbox 1414 1439 1592 1488; x_wconf 78' lang='lat' dir='ltr'>Thuret,</span> 
     </span>
     <span class='ocr_line' id='line_1_20' title="bbox 49 1507 1594 1562; baseline 0.001 -13"><span class='ocrx_word' id='word_1_142' title='bbox 49 1508 117 1549; x_wconf 87' lang='lat' dir='ltr'>cui</span> <span class='ocrx_word' id='word_1_143' title='bbox 148 1510 417 1562; x_wconf 85' lang='lat' dir='ltr'>cystocarpia</span> <span class='ocrx_word' id='word_1_144' title='bbox 455 1507 598 1549; x_wconf 85' lang='lat' dir='ltr'>videre</span> <span class='ocrx_word' id='word_1_145' title='bbox 637 1507 828 1561; x_wconf 73' lang='lat' dir='ltr'>contigit,</span> <span class='ocrx_word' id='word_1_146' title='bbox 867 1507 919 1549; x_wconf 89' lang='lat' dir='ltr'>de</span> <span class='ocrx_word' id='word_1_147' title='bbox 957 1511 1177 1549; x_wconf 74' lang='lat' dir='ltr'>structura</span> <span class='ocrx_word' id='word_1_148' title='bbox 1215 1508 1278 1549; x_wconf 86' lang='lat' dir='ltr'>ita</span> <span class='ocrx_word' id='word_1_149' title='bbox 1308 1508 1515 1550; x_wconf 83' lang='lat' dir='ltr'>disseruit</span> <span class='ocrx_word' id='word_1_150' title='bbox 1544 1511 1594 1550; x_wconf 89' lang='lat' dir='ltr'>ut</span> 
     </span>
     <span class='ocr_line' id='line_1_21' title="bbox 50 1576 1592 1631; baseline 0.001 -13"><span class='ocrx_word' id='word_1_151' title='bbox 50 1591 101 1618; x_wconf 84' lang='lat' dir='ltr'>ex</span> <span class='ocrx_word' id='word_1_152' title='bbox 131 1577 184 1618; x_wconf 90' lang='lat' dir='ltr'>iis</span> <span class='ocrx_word' id='word_1_153' title='bbox 215 1591 310 1630; x_wconf 82' lang='lat' dir='ltr'>quae</span> <span class='ocrx_word' id='word_1_154' title='bbox 343 1577 450 1618; x_wconf 76' lang='lat' dir='ltr'>dixit</span> <span class='ocrx_word' id='word_1_155' title='bbox 481 1576 535 1617; x_wconf 87' lang='lat' dir='ltr'>ad</span> <span class='ocrx_word' id='word_1_156' title='bbox 575 1590 703 1630; x_wconf 84' lang='lat' dir='ltr'>quem</span> <span class='ocrx_word' id='word_1_157' title='bbox 740 1576 1039 1617; x_wconf 86' lang='lat' dir='ltr'>Floridearum</span> <span class='ocrx_word' id='word_1_158' title='bbox 1081 1576 1274 1617; x_wconf 86' lang='lat' dir='ltr'>ordinem</span> <span class='ocrx_word' id='word_1_159' title='bbox 1312 1591 1464 1619; x_wconf 86' lang='lat' dir='ltr'>revera</span> <span class='ocrx_word' id='word_1_160' title='bbox 1493 1590 1592 1631; x_wconf 88' lang='lat' dir='ltr'>per-</span> 
     </span>
     <span class='ocr_line' id='line_1_22' title="bbox 50 1643 1593 1699; baseline 0 -13"><span class='ocrx_word' id='word_1_161' title='bbox 50 1645 187 1686; x_wconf 87' lang='lat' dir='ltr'>tineat</span> <span class='ocrx_word' id='word_1_162' title='bbox 210 1644 544 1688; x_wconf 83' lang='lat' dir='ltr'>Caulacanthus,</span> <span class='ocrx_word' id='word_1_163' title='bbox 570 1644 685 1685; x_wconf 88' lang='lat' dir='ltr'>haud</span> <span class='ocrx_word' id='word_1_164' title='bbox 708 1643 861 1686; x_wconf 86' lang='lat' dir='ltr'>elicere</span> <span class='ocrx_word' id='word_1_165' title='bbox 893 1644 1033 1685; x_wconf 87' lang='lat' dir='ltr'>liceat.</span> <span class='ocrx_word' id='word_1_166' title='bbox 1075 1643 1358 1699; x_wconf 86' lang='lat' dir='ltr'>Cystocarpia</span> <span class='ocrx_word' id='word_1_167' title='bbox 1387 1646 1593 1686; x_wconf 89' lang='lat' dir='ltr'>nimirum</span> 
     </span>
     <span class='ocr_line' id='line_1_23' title="bbox 49 1712 1593 1768; baseline 0.001 -14"><span class='ocrx_word' id='word_1_168' title='bbox 49 1713 104 1754; x_wconf 90' lang='lat' dir='ltr'>ad</span> <span class='ocrx_word' id='word_1_169' title='bbox 135 1714 301 1767; x_wconf 86' lang='lat' dir='ltr'>apicem</span> <span class='ocrx_word' id='word_1_170' title='bbox 332 1713 601 1755; x_wconf 85' lang='lat' dir='ltr'>ramulorum</span> <span class='ocrx_word' id='word_1_171' title='bbox 633 1712 795 1761; x_wconf 66' lang='lat' dir='ltr'>inflata„</span> <span class='ocrx_word' id='word_1_172' title='bbox 829 1714 1117 1767; x_wconf 89' lang='lat' dir='ltr'>carpostomio</span> <span class='ocrx_word' id='word_1_173' title='bbox 1140 1713 1313 1755; x_wconf 83' lang='lat' dir='ltr'>laterali</span> <span class='ocrx_word' id='word_1_174' title='bbox 1335 1719 1500 1768; x_wconf 67' lang='lat' dir='ltr'>aperta,</span> <span class='ocrx_word' id='word_1_175' title='bbox 1523 1716 1593 1757; x_wconf 81' lang='lat' dir='ltr'>axi</span> 
     </span>
     <span class='ocr_line' id='line_1_24' title="bbox 48 1782 1591 1837; baseline 0.001 -14"><span class='ocrx_word' id='word_1_176' title='bbox 48 1783 375 1836; x_wconf 87' lang='lat' dir='ltr'>monosiphonio</span> <span class='ocrx_word' id='word_1_177' title='bbox 425 1796 500 1836; x_wconf 90' lang='lat' dir='ltr'>per</span> <span class='ocrx_word' id='word_1_178' title='bbox 546 1786 681 1824; x_wconf 89' lang='lat' dir='ltr'>totam</span> <span class='ocrx_word' id='word_1_179' title='bbox 728 1782 1041 1836; x_wconf 81' lang='lat' dir='ltr'>longitudinem</span> <span class='ocrx_word' id='word_1_180' title='bbox 1086 1797 1303 1836; x_wconf 66' lang='lat' dir='ltr'>percursa„</span> <span class='ocrx_word' id='word_1_181' title='bbox 1351 1784 1591 1837; x_wconf 81' lang='lat' dir='ltr'>gemmidiis</span> 
     </span>
     <span class='ocr_line' id='line_1_25' title="bbox 49 1850 1590 1906; baseline 0.001 -14"><span class='ocrx_word' id='word_1_182' title='bbox 49 1851 165 1892; x_wconf 88' lang='lat' dir='ltr'>circa</span> <span class='ocrx_word' id='word_1_183' title='bbox 195 1865 318 1893; x_wconf 83' lang='lat' dir='ltr'>axem</span> <span class='ocrx_word' id='word_1_184' title='bbox 350 1851 429 1892; x_wconf 88' lang='lat' dir='ltr'>hoc</span> <span class='ocrx_word' id='word_1_185' title='bbox 476 1851 567 1892; x_wconf 88' lang='lat' dir='ltr'>loco</span> <span class='ocrx_word' id='word_1_186' title='bbox 598 1850 884 1892; x_wconf 88' lang='lat' dir='ltr'>incrassatum</span> <span class='ocrx_word' id='word_1_187' title='bbox 923 1851 1155 1905; x_wconf 74' lang='lat' dir='ltr'>dispositis,</span> <span class='ocrx_word' id='word_1_188' title='bbox 1189 1852 1426 1906; x_wconf 85' lang='lat' dir='ltr'>descripsit.</span> <span class='ocrx_word' id='word_1_189' title='bbox 1488 1852 1590 1903; x_wconf 79' lang='lat' dir='ltr'>Quae</span> 
     </span>
     <span class='ocr_line' id='line_1_26' title="bbox 48 1919 1592 1976; baseline 0.001 -15"><span class='ocrx_word' id='word_1_190' title='bbox 48 1933 147 1961; x_wconf 82' lang='lat' dir='ltr'>vero</span> <span class='ocrx_word' id='word_1_191' title='bbox 179 1920 322 1961; x_wconf 88' lang='lat' dir='ltr'>omnia</span> <span class='ocrx_word' id='word_1_192' title='bbox 352 1919 404 1960; x_wconf 88' lang='lat' dir='ltr'>de</span> <span class='ocrx_word' id='word_1_193' title='bbox 442 1919 594 1973; x_wconf 85' lang='lat' dir='ltr'>planta</span> <span class='ocrx_word' id='word_1_194' title='bbox 637 1919 944 1976; x_wconf 85' lang='lat' dir='ltr'>cujuscumque</span> <span class='ocrx_word' id='word_1_195' title='bbox 990 1919 1079 1961; x_wconf 87' lang='lat' dir='ltr'>fere</span> <span class='ocrx_word' id='word_1_196' title='bbox 1119 1921 1175 1961; x_wconf 91' lang='lat' dir='ltr'>sit</span> <span class='ocrx_word' id='word_1_197' title='bbox 1205 1920 1367 1962; x_wconf 86' lang='lat' dir='ltr'>ordinis</span> <span class='ocrx_word' id='word_1_198' title='bbox 1399 1920 1592 1962; x_wconf 87' lang='lat' dir='ltr'>Floride-</span> 
     </span>
     <span class='ocr_line' id='line_1_27' title="bbox 49 1987 1590 2044; baseline 0.001 -14"><span class='ocrx_word' id='word_1_199' title='bbox 49 2002 173 2030; x_wconf 85' lang='lat' dir='ltr'>arum</span> <span class='ocrx_word' id='word_1_200' title='bbox 204 1989 359 2029; x_wconf 84' lang='lat' dir='ltr'>valeat.</span> <span class='ocrx_word' id='word_1_201' title='bbox 420 1987 570 2042; x_wconf 87' lang='lat' dir='ltr'>Neque</span> <span class='ocrx_word' id='word_1_202' title='bbox 602 1988 644 2028; x_wconf 92' lang='lat' dir='ltr'>in</span> <span class='ocrx_word' id='word_1_203' title='bbox 677 1987 882 2041; x_wconf 87' lang='lat' dir='ltr'>opusculo</span> <span class='ocrx_word' id='word_1_204' title='bbox 914 1988 966 2029; x_wconf 91' lang='lat' dir='ltr'>de</span> <span class='ocrx_word' id='word_1_205' title='bbox 997 1988 1203 2030; x_wconf 86' lang='lat' dir='ltr'>Bornetia</span> <span class='ocrx_word' id='word_1_206' title='bbox 1242 1989 1351 2031; x_wconf 79' lang='lat' dir='ltr'>dixit</span> <span class='ocrx_word' id='word_1_207' title='bbox 1382 1995 1466 2044; x_wconf 78' lang='lat' dir='ltr'>quo</span> <span class='ocrx_word' id='word_1_208' title='bbox 1497 1990 1590 2032; x_wconf 89' lang='lat' dir='ltr'>loco</span> 
     </span>
     <span class='ocr_line' id='line_1_28' title="bbox 50 2055 1590 2110; baseline 0.002 -13"><span class='ocrx_word' id='word_1_209' title='bbox 50 2056 194 2097; x_wconf 82' lang='lat' dir='ltr'>Genus</span> <span class='ocrx_word' id='word_1_210' title='bbox 225 2055 377 2096; x_wconf 87' lang='lat' dir='ltr'>melius</span> <span class='ocrx_word' id='word_1_211' title='bbox 410 2055 723 2108; x_wconf 72' lang='lat' dir='ltr'>disponeretur,</span> <span class='ocrx_word' id='word_1_212' title='bbox 758 2070 833 2097; x_wconf 88' lang='lat' dir='ltr'>nec</span> <span class='ocrx_word' id='word_1_213' title='bbox 872 2056 916 2097; x_wconf 90' lang='lat' dir='ltr'>in</span> <span class='ocrx_word' id='word_1_214' title='bbox 956 2056 1236 2110; x_wconf 86' lang='lat' dir='ltr'>dispositione</span> <span class='ocrx_word' id='word_1_215' title='bbox 1277 2057 1590 2109; x_wconf 84' lang='lat' dir='ltr'>Floridearum‚</span> 
     </span>
     <span class='ocr_line' id='line_1_29' title="bbox 49 2123 1590 2179; baseline 0.003 -15"><span class='ocrx_word' id='word_1_216' title='bbox 49 2129 199 2177; x_wconf 89' lang='lat' dir='ltr'>postea</span> <span class='ocrx_word' id='word_1_217' title='bbox 229 2138 255 2165; x_wconf 88' lang='lat' dir='ltr'>a</span> <span class='ocrx_word' id='word_1_218' title='bbox 286 2123 449 2165; x_wconf 74' lang='lat' dir='ltr'>&#39;l&#39;huret</span> <span class='ocrx_word' id='word_1_219' title='bbox 478 2124 543 2178; x_wconf 86' lang='lat' dir='ltr'>(in</span> <span class='ocrx_word' id='word_1_220' title='bbox 575 2124 773 2166; x_wconf 74' lang='lat' dir='ltr'>Le-Iolis</span> <span class='ocrx_word' id='word_1_221' title='bbox 818 2124 915 2177; x_wconf 65' lang='lat' dir='ltr'>Aly.</span> <span class='ocrx_word' id='word_1_222' title='bbox 962 2125 1011 2166; x_wconf 72' lang='lat' dir='ltr'>dc</span> <span class='ocrx_word' id='word_1_223' title='bbox 1044 2123 1298 2179; x_wconf 69' lang='lat' dir='ltr'>Cherboury)</span> <span class='ocrx_word' id='word_1_224' title='bbox 1330 2126 1445 2176; x_wconf 73' lang='lat' dir='ltr'>data,</span> <span class='ocrx_word' id='word_1_225' title='bbox 1477 2126 1590 2168; x_wconf 89' lang='lat' dir='ltr'>Cau-</span> 
     </span>
     <span class='ocr_line' id='line_1_30' title="bbox 0 2192 1590 2254; baseline 0.002 -20"><span class='ocrx_word' id='word_1_226' title='bbox 0 2248 4 2254; x_wconf 33' lang='grc'>,</span> <span class='ocrx_word' id='word_1_227' title='bbox 48 2193 298 2234; x_wconf 88' lang='lat' dir='ltr'>lacanthum</span> <span class='ocrx_word' id='word_1_228' title='bbox 345 2196 629 2234; x_wconf 88' lang='lat' dir='ltr'>memoratum</span> <span class='ocrx_word' id='word_1_229' title='bbox 675 2192 811 2234; x_wconf 85' lang='lat' dir='ltr'>video.</span> <span class='ocrx_word' id='word_1_230' title='bbox 870 2193 974 2243; x_wconf 78' lang='lat' dir='ltr'>Quae.</span> <span class='ocrx_word' id='word_1_231' title='bbox 1006 2208 1101 2235; x_wconf 88' lang='lat' dir='ltr'>cum</span> <span class='ocrx_word' id='word_1_232' title='bbox 1132 2195 1195 2236; x_wconf 87' lang='lat' dir='ltr'>ita</span> <span class='ocrx_word' id='word_1_233' title='bbox 1226 2195 1322 2243; x_wconf 71' lang='lat' dir='ltr'>sint„</span> <span class='ocrx_word' id='word_1_234' title='bbox 1355 2195 1459 2237; x_wconf 89' lang='lat' dir='ltr'>mihi</span> <span class='ocrx_word' id='word_1_235' title='bbox 1490 2209 1590 2249; x_wconf 83' lang='lat' dir='ltr'>gra-</span> 
     </span>
     <span class='ocr_line' id='line_1_31' title="bbox 48 2259 1590 2314; baseline 0.002 -11"><span class='ocrx_word' id='word_1_236' title='bbox 48 2262 263 2303; x_wconf 87' lang='lat' dir='ltr'>tissimum</span> <span class='ocrx_word' id='word_1_237' title='bbox 308 2259 390 2301; x_wconf 75' lang='lat' dir='ltr'>fuit</span> <span class='ocrx_word' id='word_1_238' title='bbox 422 2260 536 2314; x_wconf 86' lang='lat' dir='ltr'>quod</span> <span class='ocrx_word' id='word_1_239' title='bbox 569 2261 784 2314; x_wconf 86' lang='lat' dir='ltr'>specimen</span> <span class='ocrx_word' id='word_1_240' title='bbox 816 2262 923 2303; x_wconf 83' lang='lat' dir='ltr'>bene</span> <span class='ocrx_word' id='word_1_241' title='bbox 954 2261 1229 2304; x_wconf 85' lang='lat' dir='ltr'>fructiferum</span> <span class='ocrx_word' id='word_1_242' title='bbox 1276 2264 1449 2305; x_wconf 88' lang='lat' dir='ltr'>demum</span> <span class='ocrx_word' id='word_1_243' title='bbox 1491 2277 1590 2306; x_wconf 85' lang='lat' dir='ltr'>exa-</span> 
     </span>
     <span class='ocr_line' id='line_1_32' title="bbox 49 2329 1590 2387; baseline 0.001 -15"><span class='ocrx_word' id='word_1_244' title='bbox 49 2332 214 2372; x_wconf 88' lang='lat' dir='ltr'>minare</span> <span class='ocrx_word' id='word_1_245' title='bbox 246 2329 435 2382; x_wconf 82' lang='lat' dir='ltr'>contigit.</span> <span class='ocrx_word' id='word_1_246' title='bbox 496 2329 561 2372; x_wconf 78' lang='lat' dir='ltr'>Ex</span> <span class='ocrx_word' id='word_1_247' title='bbox 592 2329 670 2371; x_wconf 88' lang='lat' dir='ltr'>hoc</span> <span class='ocrx_word' id='word_1_248' title='bbox 702 2334 822 2383; x_wconf 88' lang='lat' dir='ltr'>patet</span> <span class='ocrx_word' id='word_1_249' title='bbox 852 2332 1121 2385; x_wconf 84' lang='lat' dir='ltr'>cystocarpia</span> <span class='ocrx_word' id='word_1_250' title='bbox 1152 2331 1271 2373; x_wconf 88' lang='lat' dir='ltr'>nullo</span> <span class='ocrx_word' id='word_1_251' title='bbox 1299 2332 1426 2374; x_wconf 89' lang='lat' dir='ltr'>modo</span> <span class='ocrx_word' id='word_1_252' title='bbox 1449 2333 1504 2374; x_wconf 87' lang='lat' dir='ltr'>ad</span> <span class='ocrx_word' id='word_1_253' title='bbox 1526 2337 1590 2387; x_wconf 80' lang='lat' dir='ltr'>ty-</span> 
     </span>
     <span class='ocr_line' id='line_1_33' title="bbox 49 2398 1591 2453; baseline 0.002 -13"><span class='ocrx_word' id='word_1_254' title='bbox 49 2414 152 2453; x_wconf 87' lang='lat' dir='ltr'>pum</span> <span class='ocrx_word' id='word_1_255' title='bbox 184 2399 372 2453; x_wconf 78' lang='lat' dir='ltr'>Hypneae</span> <span class='ocrx_word' id='word_1_256' title='bbox 404 2411 495 2440; x_wconf 88' lang='lat' dir='ltr'>esse</span> <span class='ocrx_word' id='word_1_257' title='bbox 527 2398 738 2450; x_wconf 79' lang='lat' dir='ltr'>consecta3</span> <span class='ocrx_word' id='word_1_258' title='bbox 771 2399 845 2440; x_wconf 87' lang='lat' dir='ltr'>sed</span> <span class='ocrx_word' id='word_1_259' title='bbox 877 2414 974 2441; x_wconf 86' lang='lat' dir='ltr'>cuin</span> <span class='ocrx_word' id='word_1_260' title='bbox 1005 2400 1265 2442; x_wconf 81' lang='lat' dir='ltr'>Rhabdonia</span> <span class='ocrx_word' id='word_1_261' title='bbox 1287 2404 1328 2441; x_wconf 90' lang='lat' dir='ltr'>et</span> <span class='ocrx_word' id='word_1_262' title='bbox 1350 2400 1591 2444; x_wconf 87' lang='lat' dir='ltr'>Generibus</span> 
     </span>
     <span class='ocr_line' id='line_1_34' title="bbox 48 2466 1591 2521; baseline 0.002 -13"><span class='ocrx_word' id='word_1_263' title='bbox 48 2468 149 2509; x_wconf 90' lang='lat' dir='ltr'>huic</span> <span class='ocrx_word' id='word_1_264' title='bbox 178 2467 385 2521; x_wconf 82' lang='lat' dir='ltr'>proximis</span> <span class='ocrx_word' id='word_1_265' title='bbox 417 2466 686 2520; x_wconf 88' lang='lat' dir='ltr'>potissimum</span> <span class='ocrx_word' id='word_1_266' title='bbox 718 2468 956 2509; x_wconf 90' lang='lat' dir='ltr'>convenire.</span> <span class='ocrx_word' id='word_1_267' title='bbox 1004 2467 1157 2509; x_wconf 79' lang='lat' dir='ltr'>Nuclei</span> <span class='ocrx_word' id='word_1_268' title='bbox 1187 2481 1286 2510; x_wconf 83' lang='lat' dir='ltr'>vero</span> <span class='ocrx_word' id='word_1_269' title='bbox 1318 2469 1459 2511; x_wconf 88' lang='lat' dir='ltr'>minus</span> <span class='ocrx_word' id='word_1_270' title='bbox 1491 2483 1591 2512; x_wconf 89' lang='lat' dir='ltr'>con-</span> 
     </span>
     <span class='ocr_line' id='line_1_35' title="bbox 50 2534 1590 2591; baseline 0.001 -14"><span class='ocrx_word' id='word_1_271' title='bbox 50 2537 194 2590; x_wconf 88' lang='lat' dir='ltr'>spicue</span> <span class='ocrx_word' id='word_1_272' title='bbox 226 2535 464 2589; x_wconf 74' lang='lat' dir='ltr'>compositi,</span> <span class='ocrx_word' id='word_1_273' title='bbox 496 2534 578 2576; x_wconf 90' lang='lat' dir='ltr'>filis</span> <span class='ocrx_word' id='word_1_274' title='bbox 614 2534 838 2578; x_wconf 64' lang='lat' dir='ltr'>‘sterilibus</span> <span class='ocrx_word' id='word_1_275' title='bbox 883 2536 1110 2578; x_wconf 82' lang='lat' dir='ltr'>fasciculos</span> <span class='ocrx_word' id='word_1_276' title='bbox 1143 2550 1169 2577; x_wconf 85' lang='lat' dir='ltr'>a</span> <span class='ocrx_word' id='word_1_277' title='bbox 1199 2540 1345 2578; x_wconf 88' lang='lat' dir='ltr'>centro</span> <span class='ocrx_word' id='word_1_278' title='bbox 1391 2537 1590 2591; x_wconf 87' lang='lat' dir='ltr'>periphe-</span> 
     </span>
     <span class='ocr_line' id='line_1_36' title="bbox 49 2604 1592 2658; baseline 0.001 -12"><span class='ocrx_word' id='word_1_279' title='bbox 49 2606 159 2646; x_wconf 88' lang='lat' dir='ltr'>riam</span> <span class='ocrx_word' id='word_1_280' title='bbox 190 2618 338 2646; x_wconf 87' lang='lat' dir='ltr'>versus</span> <span class='ocrx_word' id='word_1_281' title='bbox 369 2604 589 2646; x_wconf 86' lang='lat' dir='ltr'>radiantes</span> <span class='ocrx_word' id='word_1_282' title='bbox 620 2606 924 2658; x_wconf 86' lang='lat' dir='ltr'>separantibus</span> <span class='ocrx_word' id='word_1_283' title='bbox 956 2610 1033 2646; x_wconf 90' lang='lat' dir='ltr'>aut</span> <span class='ocrx_word' id='word_1_284' title='bbox 1063 2606 1235 2647; x_wconf 90' lang='lat' dir='ltr'>omnino</span> <span class='ocrx_word' id='word_1_285' title='bbox 1266 2605 1396 2647; x_wconf 87' lang='lat' dir='ltr'>nullis</span> <span class='ocrx_word' id='word_1_286' title='bbox 1426 2609 1503 2647; x_wconf 87' lang='lat' dir='ltr'>aut</span> <span class='ocrx_word' id='word_1_287' title='bbox 1528 2607 1592 2648; x_wconf 91' lang='lat' dir='ltr'>ita</span> 
     </span>
     <span class='ocr_line' id='line_1_37' title="bbox 50 2671 1591 2727; baseline 0.001 -13"><span class='ocrx_word' id='word_1_288' title='bbox 50 2672 312 2715; x_wconf 82' lang='lat' dir='ltr'>abbreviatis</span> <span class='ocrx_word' id='word_1_289' title='bbox 344 2676 391 2713; x_wconf 89' lang='lat' dir='ltr'>ut</span> <span class='ocrx_word' id='word_1_290' title='bbox 428 2685 479 2713; x_wconf 93' lang='lat' dir='ltr'>ea</span> <span class='ocrx_word' id='word_1_291' title='bbox 523 2671 766 2714; x_wconf 87' lang='lat' dir='ltr'>discernere</span> <span class='ocrx_word' id='word_1_292' title='bbox 811 2673 880 2714; x_wconf 87' lang='lat' dir='ltr'>vix</span> <span class='ocrx_word' id='word_1_293' title='bbox 925 2673 1064 2715; x_wconf 89' lang='lat' dir='ltr'>liceat.</span> <span class='ocrx_word' id='word_1_294' title='bbox 1125 2674 1357 2727; x_wconf 86' lang='lat' dir='ltr'>Dispositio</span> <span class='ocrx_word' id='word_1_295' title='bbox 1403 2688 1502 2716; x_wconf 87' lang='lat' dir='ltr'>vero</span> <span class='ocrx_word' id='word_1_296' title='bbox 1548 2679 1591 2716; x_wconf 92' lang='lat' dir='ltr'>et</span> 
     </span>
     <span class='ocr_line' id='line_1_38' title="bbox 51 2740 1590 2797; baseline 0.001 -15"><span class='ocrx_word' id='word_1_297' title='bbox 51 2745 270 2782; x_wconf 86' lang='lat' dir='ltr'>structura</span> <span class='ocrx_word' id='word_1_298' title='bbox 315 2740 487 2782; x_wconf 86' lang='lat' dir='ltr'>filorum</span> <span class='ocrx_word' id='word_1_299' title='bbox 531 2741 739 2783; x_wconf 80' lang='lat' dir='ltr'>fertilium</span> <span class='ocrx_word' id='word_1_300' title='bbox 771 2743 943 2784; x_wconf 89' lang='lat' dir='ltr'>omnino</span> <span class='ocrx_word' id='word_1_301' title='bbox 975 2742 1125 2784; x_wconf 84' lang='lat' dir='ltr'>eadem</span> <span class='ocrx_word' id='word_1_302' title='bbox 1156 2757 1205 2783; x_wconf 85' lang='lat' dir='ltr'>ac</span> <span class='ocrx_word' id='word_1_303' title='bbox 1237 2743 1280 2784; x_wconf 89' lang='lat' dir='ltr'>in</span> <span class='ocrx_word' id='word_1_304' title='bbox 1310 2742 1590 2797; x_wconf 68' lang='lat' dir='ltr'>Rhabdonia3</span> 
     </span>
     <span class='ocr_line' id='line_1_39' title="bbox 50 2809 1589 2864; baseline 0.002 -14"><span class='ocrx_word' id='word_1_305' title='bbox 50 2809 249 2862; x_wconf 89' lang='lat' dir='ltr'>placenta</span> <span class='ocrx_word' id='word_1_306' title='bbox 280 2822 450 2862; x_wconf 84' lang='lat' dir='ltr'>quoque</span> <span class='ocrx_word' id='word_1_307' title='bbox 481 2810 756 2852; x_wconf 87' lang='lat' dir='ltr'>constituitur</span> <span class='ocrx_word' id='word_1_308' title='bbox 788 2811 918 2864; x_wconf 84' lang='lat' dir='ltr'>plexu</span> <span class='ocrx_word' id='word_1_309' title='bbox 948 2811 1183 2864; x_wconf 89' lang='lat' dir='ltr'>composito</span> <span class='ocrx_word' id='word_1_310' title='bbox 1213 2810 1385 2853; x_wconf 88' lang='lat' dir='ltr'>filorum</span> <span class='ocrx_word' id='word_1_311' title='bbox 1416 2816 1589 2853; x_wconf 85' lang='lat' dir='ltr'>anasto-</span> 
     </span>
    </p>
   </div>
   <div class='ocr_carea' id='block_1_3' title="bbox 50 2878 1588 2984">
    <p class='ocr_par' dir='ltr' id='par_1_3' title="bbox 50 2878 1588 2984">
     <span class='ocr_line' id='line_1_40' title="bbox 50 2878 1588 2934; baseline 0.001 -14"><span class='ocrx_word' id='word_1_312' title='bbox 50 2879 310 2920; x_wconf 86' lang='lat' dir='ltr'>mosantium</span> <span class='ocrx_word' id='word_1_313' title='bbox 341 2878 487 2932; x_wconf 79' lang='lat' dir='ltr'>(axem</span> <span class='ocrx_word' id='word_1_314' title='bbox 517 2880 904 2934; x_wconf 80' lang='lat' dir='ltr'>monosiphonium,</span> <span class='ocrx_word' id='word_1_315' title='bbox 938 2893 1065 2934; x_wconf 86' lang='lat' dir='ltr'>quem</span> <span class='ocrx_word' id='word_1_316' title='bbox 1101 2883 1237 2922; x_wconf 84' lang='lat' dir='ltr'>totam</span> <span class='ocrx_word' id='word_1_317' title='bbox 1274 2880 1588 2934; x_wconf 82' lang='lat' dir='ltr'>longitudinem</span> 
     </span>
     <span class='ocr_line' id='line_1_41' title="bbox 1394 2949 1457 2984; baseline 0.032 -2"><span class='ocrx_word' id='word_1_318' title='bbox 1394 2949 1457 2984; x_wconf 73' lang='lat'>37*</span> 
     </span>
    </p>
   </div>
  </div>
 </body>
</html>
