1762 3036
111 127 189 167 186
709 128 991 170 GIGARTINEAE.
1289 129 1639 186 Rhodoylosscmc.

111 241 147 280 1.
177 240 257 281 RH.
290 254 585 282 LANOEOLATUM
615 242 776 295 (Harv.
807 243 852 284 in
886 241 934 283 F
932 242 956 283 l.
993 243 1138 284 Tasm.
1172 244 1240 285 II.
1263 257 1312 296 p.
1344 245 1446 300 326>
1476 244 1640 286 frondi-

223 309 301 350 bus
332 310 487 350 crassis
519 310 813 364 cartilagineis
841 324 972 363 supra
995 311 1184 365 stipitem
1205 316 1387 354 teretem
1409 327 1507 354 mox
1527 328 1641 355 com-

222 377 408 431 planatis
440 379 896 421 cuneato-lanceolatis
929 393 955 420 a
984 381 1179 434 margine
1223 381 1392 434 integro
1438 381 1503 422 vel
1540 382 1641 424 laeso

222 445 379 499 ligulas
411 460 523 500 saepe
554 447 769 500 pinnatim
802 448 1034 501 dispositas
1065 449 1371 501 emittentibus,
1402 450 1548 503 ligulis
1573 451 1642 505 ju-

221 514 432 556 venilibus
463 516 767 567 teretiusculis,
800 516 1032 570 majoribus
1064 517 1347 570 complanatis
1378 518 1642 570 lanceolatis,

224 584 332 624 soris
372 584 774 638 sphaerosporarum
818 585 1176 639 punctiformibus
1221 586 1337 628 velut
1368 587 1643 641 cystocarpiis

222 652 394 693 demum
425 653 762 706 subprominulis
793 668 870 708 per
891 654 1065 696 frondes
1087 655 1262 707 sparsis.
1296 654 1530 709 Gzyartzssna
1551 655 1644 697 Zan-

221 719 381 762 ccolata
413 721 550 763 Harv.
587 721 716 775 Plzsyc.
747 726 883 765 mastr.
916 723 998 765 tab.
1031 723 1123 764 288.

375 788 486 831 Hab.
518 789 574 831 ad
605 790 895 832 Tasmaniam.

202 878 417 923 Specimina
442 880 643 915 observata
680 881 742 915 vix
778 881 880 915 ultra
916 881 1223 926 6—8pollicaria:
1262 881 1481 917 inferiorem
1518 884 1644 916 tamen

105 938 258 981 partem
282 936 362 970 sere
387 938 407 970 3
432 936 590 981 pollices
617 938 732 971 latam
767 938 986 982 speciminis
1018 938 1146 973 forsan
1176 939 1328 984 majoris
1356 939 1447 974 vidi.
1496 939 1645 984 Ligulis

110 993 296 1028 subulatis
324 994 496 1038 plurimis
522 995 745 1039 plerumque
771 996 1029 1040 praesentibus
1056 996 1203 1030 facilius
1231 997 1507 1042 cognoscenda.
1557 997 1647 1041 Spe-

109 1050 248 1084 cimina
272 1051 536 1095 crassiuscula,
564 1052 644 1086 sine
671 1052 794 1087 nitore
821 1052 1086 1098 cartilaginea,
1124 1053 1266 1087 chartae
1306 1054 1369 1088 vix
1396 1054 1646 1089 adhaerentia.

110 1107 454 1153 Sphaerosporifera
491 1108 697 1154 descripsit
732 1108 898 1153 Harvey3
934 1109 1015 1154 ipse
1054 1109 1291 1155 cystocarpia
1325 1109 1365 1144 in
1402 1122 1502 1155 spec.
1541 1122 1562 1145 a
1600 1110 1635 1145 R

112 1165 223 1199 Gunn
248 1164 374 1199 missis
400 1166 612 1201 observavi.

114 1259 151 1298 2.
183 1257 262 1299 RH.
294 1272 541 1301 FOLIIFERUM
571 1259 636 1311 (J.
670 1259 752 1313 Ay.
782 1261 930 1315 mser.)
961 1260 1183 1302 frondibus
1215 1261 1513 1302 crassiusculis
1545 1261 1647 1303 sub-

224 1326 515 1381 cartilagineis
547 1342 678 1381 supra
709 1328 900 1381 stipitem
929 1328 1107 1381 planum
1139 1333 1368 1370 cuneatum
1400 1329 1643 1371 ovato-lan-

224 1395 411 1447 ceolati's,
445 1398 638 1451 margine
686 1399 924 1439 incrassato
971 1399 1213 1452 conspicuo,
1259 1399 1536 1452 integerrimo
1581 1399 1649 1441 vix

224 1465 433 1506 undulato
465 1466 627 1516 cinctis,
660 1465 925 1519 simplicibus
956 1470 1032 1507 aut
1062 1467 1106 1507 in
1135 1480 1297 1520 paucas
1335 1466 1509 1509 frondes
1547 1481 1648 1509 con-

226 1533 383 1574 formes
404 1534 641 1576 laciniatim
664 1535 822 1586 divisis,
845 1536 1121 1589 cystocarpiis
1139 1536 1311 1577 demum
1327 1537 1530 1590 utrinque
1551 1550 1650 1590 pro-

224 1601 397 1644 minulis
429 1617 506 1656 per
536 1607 671 1645 totam
701 1603 791 1644 fere
821 1603 1017 1645 frondem
1049 1604 1223 1657 sparsis.
1256 1605 1422 1646 Ire'daea
1443 1604 1650 1658 foliifera

227 1671 365 1713 Harv.
401 1672 545 1715 Tasm.
568 1687 618 1725 p.
649 1673 757 1714 326?

377 1740 484 1781 Hah.
516 1741 572 1782 ad
604 1755 701 1782 oras
733 1740 972 1783 Tasmaniae
1004 1741 1073 1795 (R.
1105 1742 1246 1783 Grunn.
1261 1741 1305 1796 1).

204 1820 274 1854 Rh.
302 1821 515 1856 lanceolato
543 1821 607 1855 vix
632 1821 796 1864 tenuior,
823 1832 892 1855 nec
918 1822 1061 1855 chartae
1087 1821 1307 1855 adhaerens:
1327 1820 1366 1854 in
1385 1820 1526 1855 nostris
1544 1822 1648 1855 42⁴5-

113 1876 321 1921 pollicaris.
354 1877 580 1912 Primarium
605 1878 736 1913 folium
762 1878 914 1913 videtur
938 1878 1049 1913 initio
1075 1878 1341 1920 lanceolatum,
1367 1880 1527 1911 cuneata
1552 1877 1650 1921 basi,

115 1934 179 1966 vix
205 1934 358 1978 proprio
385 1934 516 1979 stipite
542 1935 749 1979 suffultum,
774 1935 885 1969 modo
921 1935 1069 1969 Iridaeae
1107 1934 1408 1970 Laminarioides
1445 1934 1523 1968 fere
1560 1934 1649 1968 laci-

115 1989 367 2024 niato-fissum
392 1990 432 2024 in
458 1991 613 2026 lacinias
640 2003 776 2036 paucas
803 1992 967 2035 basales,
993 1991 1174 2035 primario
1199 1990 1287 2025 folio
1314 1991 1539 2035 conformes,
1566 1992 1647 2026 basi

115 2049 243 2080 tamen
268 2047 391 2082 minus
418 2051 654 2093 angustatas.
704 2048 851 2083 Foliola
877 2048 1232 2091 ovato-lanceolata,
1259 2047 1403 2082 ambitu
1435 2048 1499 2082 vix
1530 2048 1648 2082 undu-

115 2103 194 2136 lata
229 2104 493 2149 integerrima,
531 2105 637 2148 quasi
674 2103 1078 2149 incrassato-margine
1117 2104 1253 2138 cincta.
1312 2104 1556 2149 Cystocarpia
1593 2108 1651 2139 sat

117 2160 319 2205 conspicua
343 2173 412 2206 per
437 2165 556 2196 totam
581 2163 750 2207 plantam
776 2161 1055 2207 provenientia,
1081 2161 1120 2194 in
1157 2161 1282 2195 media
1317 2161 1451 2196 fronde
1487 2162 1650 2196 intume-

118 2219 276 2263 scentia,
304 2223 412 2254 extra
435 2223 634 2264 utramque
659 2220 837 2265 paginam
862 2218 1154 2263 hemispliaerice
1180 2218 1407 2263 prominula,
1426 2219 1650 2263 demumque

118 2277 373 2321 carpostomio
399 2277 561 2311 centrali
592 2280 760 2322 pertusa.
810 2276 1013 2310 Exsiccata
1049 2275 1327 2319 aliquantulum
1364 2276 1506 2320 nitens,
1544 2276 1650 2320 quasi

119 2333 271 2368 vei-nice
297 2334 471 2369 obducta.

207 2391 342 2427 Utrum
368 2395 500 2426 nostra
523 2391 669 2437 species
696 2403 779 2426 cum
804 2391 1029 2435 Harveyana
1052 2390 1221 2425 identica
1247 2390 1309 2434 sit,
1336 2402 1382 2424 an
1408 2390 1560 2425 omnino
1595 2390 1650 2424 di-

119 2461 241 2493 versa,
268 2461 314 2484 ex
342 2450 517 2495 diagnosi
541 2449 648 2484 brevi
673 2449 909 2492 Harveyana,
935 2459 1057 2491 neque
1082 2447 1190 2481 icone
1217 2459 1339 2491 neque
1366 2447 1570 2492 specimine
1597 2447 1650 2481 vi-

120 2506 185 2550 sis,
211 2518 312 2551 aegre
338 2507 578 2552 dijudicatur.
607 2506 657 2549 Si,
676 2509 718 2540 ut
737 2505 964 2550 suspicarer,
983 2504 1115 2538 eadem
1141 2504 1190 2538 sit
1216 2504 1376 2549 species,
1403 2516 1540 2539 nomen
1566 2516 1650 2549 spe-

119 2563 267 2597 cificum
292 2564 557 2608 Harveyanum
583 2563 750 2597 retinere
777 2561 909 2603 debui;
937 2561 995 2595 sin
1022 2561 1198 2604 diversae,
1224 2561 1367 2594 nullam
1392 2561 1650 2596 confusionem

120 2620 212 2655 oriri
239 2632 364 2665 spero,
390 2620 615 2664 Harveyana
641 2620 767 2665 specie
793 2620 839 2654 ab
864 2619 946 2663 ipso
973 2618 1017 2651 ad
1042 2617 1218 2651 Iridaeam
1243 2617 1376 2651 relata.

121 2713 157 2753 3.
190 2713 269 2753 RH.
302 2726 566 2754 POLYCARPUM
597 2711 664 2766 (J.
696 2711 776 2765 Ay.
809 2715 951 2762 mser.)
982 2709 1207 2751 frondibus
1229 2715 1358 2751 tenue
1379 2709 1650 2751 membrana-

232 2781 316 2821 ceis
348 2794 480 2834 supra
502 2780 692 2833 stipitem
713 2784 886 2820 tenuem
907 2777 1151 2819 filiformem
1173 2777 1455 2830 complanatis
1477 2776 1650 2818 lineari-

233 2849 497 2900 lanceolatis,
530 2862 641 2889 nunc
673 2847 901 2901 praelongis
943 2846 1286 2900 simpliciusculis
1317 2845 1510 2898 margine
1540 2846 1649 2888 inte-
