1762 3036
1600 67 1647 93 111

105 171 222 213 nullo
253 170 379 212 modo
411 169 607 224 sequitur
639 182 724 211 non
756 179 846 209 esse
881 165 1049 219 Species
1080 165 1272 219 ejusdem
1304 165 1485 207 Generis
1518 165 1645 207 certis

105 239 314 281 limitibus
346 238 707 291 circumscriptas.
758 234 846 277 Nec
877 234 913 276 si
945 232 1142 287 Algologi
1174 233 1336 286 species
1367 233 1647 287 diagnosibus

105 309 211 350 bene
243 307 453 349 institutis
485 307 703 348 delineare
734 318 819 345 non
850 301 1078 352 valuerint,
1111 301 1228 343 haud
1250 315 1345 342 eam
1367 302 1420 343 ob
1443 316 1533 342 rem
1555 316 1646 343 cre-

103 377 204 419 dere
250 380 450 431 opportet
494 376 654 430 species
684 374 729 415 in
771 376 930 414 natura
974 386 1059 413 non
1103 371 1286 413 existere
1332 370 1542 412 definitas.
1603 370 1647 412 Si

104 451 214 489 notae
260 447 536 501 diagnosticae
584 444 738 493 adsint,
785 446 850 484 est
895 444 1092 482 nostrum
1128 441 1279 482 vitium
1312 441 1346 481 si
1377 440 1482 480 istas
1522 442 1646 480 notas

102 531 187 559 non
218 516 530 567 invenerimus3
563 515 627 556 sin
657 525 808 554 revera
835 510 963 552 nullae
986 510 1199 560 adessent,
1222 510 1364 551 nescio
1386 521 1489 550 sane
1511 521 1646 562 quare

102 599 154 628 ex
184 585 331 638 paucis
364 584 617 632 GeneribuS,
649 595 835 635 quarum
866 593 917 621 ea
948 582 1060 620 esset
1090 578 1215 630 ratio,
1247 578 1391 632 potius
1413 577 1645 618 deducere-

102 667 196 694 mus
228 656 396 694 naturae
429 664 573 694 omnes
603 649 766 691 formas
799 661 890 689 esse
921 648 1227 697 inconstantes,
1261 660 1392 700 quam
1424 659 1475 688 ex
1497 645 1645 687 multis

104 721 358 771 Generibus,
393 733 575 774 quarum
607 721 673 759 est
703 717 873 759 diversa
902 716 1026 765 ratio,
1059 714 1342 756 stabilitatem
1369 714 1559 756 omnium
1580 717 1665 754 at·-

102 803 185 844 que
217 790 375 830 limites
406 792 545 829 certos
577 799 906 828 assumeremus.
949 784 1056 826 Mihi
1078 783 1252 837 quidem
1275 786 1338 824 est
1359 783 1645 823 certissimum

103 858 261 900 multas
292 870 384 899 esse
416 855 651 907 Florideas,
685 868 792 909 quas
825 867 956 908 quam
987 853 1173 899 maxime
1204 853 1421 893 variantes
1454 855 1495 892 et
1522 852 1644 892 1111111-

102 927 231 969 meris
273 926 422 968 formis
467 925 648 966 invicem
693 923 1020 965 transeuntibus
1065 922 1276 973 ludentes,
1307 920 1645 975 proclamarunt,

103 998 176 1051 (ex
206 1009 270 1050 gr.
303 995 461 1037 Iridcoe
494 997 536 1035 et
568 993 811 1046 Giyarbinoe
842 1006 903 1045 sp.
926 991 1060 1046 plur.)
1083 990 1134 1031 de
1158 990 1314 1044 quibus
1346 989 1644 1031 demonstrare

101 1065 202 1106 licet
232 1063 393 1105 formas
424 1063 530 1105 istas
561 1061 758 1103 ludentes
797 1060 831 1102 si
871 1060 1115 1101 accuratius
1156 1058 1410 1100 examinatae
1449 1057 1643 1109 fuissent,

100 1148 185 1175 11011
215 1135 383 1174 tantum
415 1131 470 1173 ad
502 1131 663 1185 species
709 1130 817 1172 bene
862 1129 1053 1170 diversas
1098 1127 1326 1181 pertinere,
1368 1126 1441 1168 sed
1473 1126 1528 1168 ad
1560 1127 1643 1169 Ge-

101 1215 207 1244 nera
237 1213 332 1255 quae
365 1203 408 1241 et
438 1202 658 1242 structura
687 1197 853 1240 frondis
885 1200 927 1239 et
958 1196 1102 1238 fructu
1132 1199 1318 1249 utroque
1349 1193 1570 1236 differant!

212 1269 312 1311 Fuit
343 1267 519 1310 effatum
551 1267 769 1321 quoddam
801 1266 979 1316 Linnaei,
1012 1265 1243 1318 unicuique
1275 1264 1434 1305 Generi
1465 1263 1642 1305 charac-

99 1342 234 1380 terem
266 1336 481 1391 quendam
514 1350 606 1377 esse
637 1334 924 1385 essentialem,
957 1348 1041 1388 quo
1073 1347 1207 1374 unum
1239 1332 1382 1374 Genus
1415 1332 1469 1374 ab
1492 1332 1641 1384 altero,

100 1407 225 1462 quasi
255 1405 383 1447 unica
412 1405 534 1456 idaea,
574 1403 933 1457 distingueretur3
974 1401 1176 1455 mihique,
1211 1414 1294 1454 quo
1326 1400 1464 1454 magis
1496 1400 1539 1441 in
1569 1399 1642 1441 Al-

99 1489 252 1529 garum
284 1473 433 1516 formis
464 1471 771 1526 cognoscendis
803 1474 999 1512 versatus
1039 1483 1146 1521 sum,
1179 1483 1227 1511 eo
1258 1469 1396 1521 magis
1428 1468 1642 1510 versimile

99 1543 304 1597 adparuit
331 1554 684 1595 unamquamque
715 1539 900 1593 speciem
932 1552 1008 1580 suo
1031 1538 1205 1592 proprio
1228 1537 1477 1579 charactere
1499 1551 1642 1579 essen-

98 1611 193 1653 tiali
224 1625 315 1652 esse
347 1609 695 1664 dignoscendam.
756 1608 858 1658 Quae
897 1621 996 1648 vero
1035 1610 1138 1648 nota
1174 1606 1217 1647 in
1249 1620 1333 1647 11110
1372 1605 1538 1648 Genere
1569 1619 1641 1648 va-

97 1680 197 1731 leat,
230 1679 409 1721 eandem
440 1679 484 1719 in
514 1678 652 1719 altero
691 1677 943 1731 neutiquam
991 1690 1159 1729 semper
1204 1679 1413 1728 praestare
1460 1679 1640 1717 constat.

99 1749 234 1791 Notas
278 1748 369 1796 has,
417 1748 573 1802 quibus
611 1748 655 1788 in
687 1747 866 1788 diversis
913 1746 1154 1787 Generibus
1193 1746 1501 1799 dignoscantur
1546 1759 1641 1799 spe-

99 1818 196 1867 cies,
242 1818 445 1868 invenire,
492 1830 558 1858 me
599 1815 757 1870 judice,
803 1820 876 1857 est>
912 1816 1019 1856 artis
1058 1813 1350 1867 descriptoriae
1382 1817 1425 1855 et
1453 1813 1641 1867 primum

100 1890 142 1928 et
172 1886 384 1928 ultimum.
446 1885 545 1927 Fuit
589 1899 688 1927 vero
720 1886 763 1926 in
796 1885 915 1939 Algis
962 1883 1255 1926 describendis
1301 1882 1375 1924 diu
1413 1883 1448 1924 is
1488 1882 1640 1924 modus

100 1959 229 2009 atque
261 1954 536 2005 consuetudo,
569 1957 618 1994 ut
649 1953 763 1995 0111111
793 1953 883 1994 fere
915 1957 1060 2006 spreta
1098 1951 1419 2005 comparatione
1455 1951 1639 1993 aliarum

97 2024 347 2078 specierum,
379 2023 522 2077 potius
554 2023 851 2065 abbreviatam
884 2022 1104 2076 quandam
1143 2021 1475 2074 descriptionem
1506 2023 1638 2076 speci-

96 2094 225 2134 minis
256 2092 352 2146 plus
398 2092 537 2134 minus
584 2091 797 2145 completi,
830 2105 960 2145 quam
992 2090 1218 2144 diagnosin
1249 2094 1325 2131 aut
1355 2094 1502 2132 notam
1533 2090 1635 2132 cha-

95 2160 407 2203 racteristicam
453 2161 606 2213 speciei
652 2160 819 2201 dedisse
865 2159 1106 2201 videantur.
1167 2158 1254 2200 Nec
1299 2158 1387 2200 fere
1433 2159 1520 2200 alia
1557 2159 1639 2202 fuit

95 2230 206 2271 ratio
238 2243 397 2281 eorum,
429 2230 502 2283 qui
534 2229 838 2283 speciminibus
878 2228 1058 2282 depictis
1096 2228 1307 2282 Algarum
1346 2229 1507 2281 species
1539 2228 1637 2270 illu-

95 2303 235 2340 strare
267 2302 564 2352 susceperunt:
607 2301 732 2339 notas
771 2298 1059 2353 diagnosticas
1097 2312 1181 2339 11011
1213 2298 1379 2339 auctori
1411 2311 1636 2351 exponere,

95 2367 169 2409 sed
216 2367 560 2408 consultantibus
606 2366 827 2420 concipere
872 2367 1073 2408 traditur.
1133 2366 1370 2419 Diagnoses
1415 2365 1532 2407 velut
1563 2366 1635 2407 de-

93 2435 349 2490 scriptiones
379 2435 459 2476 1110
490 2435 617 2477 modo
648 2434 756 2476 fiunt
786 2434 953 2477 facilius
984 2435 1125 2476 nimiae
1149 2437 1191 2476 et
1211 2434 1254 2476 in
1275 2432 1518 2476 trivialibus
1540 2447 1633 2476 ver-

96 2505 224 2555 bosae,
260 2504 559 2558 praetermissis
591 2517 703 2557 saepe
735 2504 1046 2545 essentialibus.
1108 2503 1217 2545 Sunt
1248 2503 1291 2543 in
1323 2502 1388 2543 his
1419 2502 1636 2555 permulta

93 2573 249 2626 quibus
295 2571 377 2612 erit
421 2571 692 2621 medendum,
740 2575 870 2624 prout
915 2571 1087 2625 Species
1131 2574 1448 2624 cognoscantur
1488 2570 1634 2623 plures

75 2645 223 2695 ‚atque
267 2639 566 2693 intelligantur
611 2640 776 2682 melius.
837 2640 940 2691 Quae
984 2641 1131 2694 itaque
1176 2640 1345 2681 Genera
1392 2641 1489 2692 post
1519 2639 1634 2681 edita

91 2709 238 2763 priora
268 2708 320 2750 de
352 2707 563 2749 Florideis
601 2708 817 2750 volumina
855 2709 984 2749 nullis
1017 2711 1093 2748 aut
1132 2707 1280 2761 paucis
1319 2707 1540 2760 speciebus
1572 2707 1632 2749 10-

91 2778 308 2832 cupletata
346 2779 458 2829 sunt,
498 2777 625 2820 hodie
662 2777 752 2820 fere
789 2777 954 2820 intacta
985 2776 1161 2831 reliqui,
1193 2776 1236 2817 in
1268 2774 1363 2818 aliis
1395 2777 1632 2830 specierum
