1757 3114
99 120 407 165 Gloiosacoion.
674 122 1060 165 RHODYMENIAOEAE.
1548 125 1628 168 317

97 248 226 287 parce
258 235 504 277 dichotoma
535 239 612 277 aut
642 236 1028 290 prolificationibus
1051 251 1076 278 a
1097 237 1248 280 fronde
1279 239 1631 292 provenientibus

98 304 224 356 quasi
255 304 486 346 subdivisa.
547 305 598 346 In
635 305 701 347 his
749 306 1071 359 sphaerosporas
1117 308 1340 349 cruciatim
1384 308 1542 349 divisas
1587 308 1632 349 in

96 371 277 414 maculis
309 373 712 416 subnematheciose
743 374 922 416 evolutis
954 374 1199 417 nidulantes
1231 376 1464 418 observavi.

208 440 245 481 A
277 440 576 495 Sacciophoia
611 443 731 497 cujus
770 442 909 484 forma
949 442 1113 485 frondis
1153 447 1331 486 externa
1361 459 1457 486 cum
1487 444 1631 486 Gloio-

96 510 236 551 saccio
269 524 441 564 quoque
474 512 683 562 convenit,
717 515 937 552 structura
972 511 1111 553 nuclei
1142 514 1508 567 cystocarpiorum
1537 512 1630 555 lon-

97 577 193 630 gius
225 578 387 619 recedit
417 578 563 620 Genus
595 579 911 634 Harveyanum.
952 579 1266 633 Inquirendum
1287 595 1386 623 vero
1418 586 1555 623 restat
1575 595 1631 622 an

95 648 228 690 sectio
259 648 335 690 illa
365 649 694 704 Erythrocolon,
727 664 857 704 quam
896 649 1196 704 Chylocladiae,
1236 651 1381 694 fructu
1419 652 1524 694 mihi
1555 652 1631 694 ad-

94 716 180 758 huc
210 718 371 771 ignoto,
404 717 699 770 adnumeravi,
731 718 996 760 Gloiosaccio
1028 719 1313 773 propinquior
1345 725 1467 763 esset.

215 786 319 836 Quae
351 787 525 840 quidem
558 787 700 828 omnia
731 801 815 828 non
846 787 928 828 nisi
959 787 1172 829 fructibus
1193 789 1374 842 cognitis
1396 791 1633 843 specierum

96 853 340 907 dubiarum,
374 859 415 896 et
453 855 663 897 limitibus
709 854 899 896 affinium
931 855 1147 897 Generum
1178 857 1313 910 probe
1359 859 1630 912 comparatis,

94 923 253 965 certius
299 923 636 977 dijudicandum.
696 923 868 965 Interea
912 925 1285 967 nomenclaturam
1329 926 1631 982 Harveyanam

96 991 255 1044 pressis
286 991 470 1045 pedibus
503 996 673 1034 secutus
706 1007 811 1034 sum.

95 1073 130 1112 1.
162 1071 235 1112 GL.
268 1071 459 1112 BROWNH
490 1072 651 1125 (Ham).
689 1071 815 1126 Phye.
853 1076 986 1114 austr.
1027 1074 1110 1114 tab.
1142 1074 1216 1130 83)
1248 1074 1414 1117 frondis
1446 1077 1631 1118 vesicula

207 1140 475 1194 amplissima
522 1145 564 1182 et
608 1141 735 1182 facile
779 1141 1021 1184 collabente
1054 1144 1458 1198 obovato-oblonga.
1492 1146 1629 1188 Halo-

207 1211 377 1251 3αοοίοπ
410 1208 700 1263 Hydrophora
732 1214 768 1252 et
800 1209 904 1252 Hal.
925 1211 1104 1265 firmum
1136 1212 1274 1254 Harv.
1306 1215 1352 1255 m
1376 1213 1473 1267 Ala.
1495 1218 1630 1256 (lustr.

206 1279 354 1320 emico.
387 1280 476 1320 ntis
507 1280 588 1319 419
620 1283 662 1320 et
693 1280 786 1321 420.

208 1346 316 1389 Hab.
350 1347 406 1388 ad
437 1346 601 1388 Novam
640 1347 914 1390 Hollandiam
955 1350 1263 1392 occidentalem
1301 1356 1344 1392 et
1374 1352 1628 1403 australem3

359 1416 414 1457 ad
445 1416 733 1458 Tasmaniam.

186 1484 318 1519 Colore
345 1484 469 1519 variat
494 1496 514 1519 a
539 1496 649 1520 roseo
675 1485 713 1519 in
739 1498 970 1532 purpureum
998 1492 1062 1523 aut
1087 1489 1423 1534 livido-pallidum.

92 1625 254 1676 LXXH.
291 1627 656 1678 CHRYSYMENIA
692 1637 738 1681 J.
772 1638 854 1692 Ay.
888 1639 986 1693 Aly.
1018 1640 1150 1690 med.;
1186 1640 1258 1693 Sp.
1291 1641 1389 1695 Αῖῃ.
1411 1656 1458 1694 p.
1491 1643 1586 1684 209.

96 1729 233 1771 Frons
265 1743 378 1770 nunc
408 1729 666 1771 solidescens
690 1730 819 1783 plana
840 1729 1058 1782 laciniata,
1081 1746 1194 1773 nunc
1215 1733 1494 1775 teretiuscula
1516 1748 1629 1776 00111-

205 1811 357 1851 pressa
387 1802 463 1839 aut
494 1796 656 1849 inflata,
688 1812 801 1839 nunc
840 1799 1006 1841 inferne
1044 1800 1289 1842 caulescens
1320 1802 1528 1843 ramentis
1560 1818 1630 1844 ve-

208 1865 424 1917 siculosis3
458 1865 624 1907 cellulis
646 1867 926 1909 interioribus
948 1868 1423 1923 rotundato-angulatis
1446 1871 1628 1925 magnis,

206 1933 493 1976 exterioribus
539 1935 790 1986 minoribus,
838 1936 1115 1978 corticalibus
1154 1937 1330 1979 minutis
1362 1938 1451 1980 fere
1482 1940 1526 1980 in
1555 1939 1630 1980 fila

207 2001 431 2043 verticalia
460 2002 577 2044 intra
607 2017 779 2045 mucum
811 2004 1072 2047 ambientem
1104 2006 1360 2060 conjunctis3
1393 2007 1475 2049 filis
1508 2022 1628 2062 spar-

205 2070 383 2111 sissimis
415 2070 568 2112 tubum
598 2071 817 2113 internum
849 2087 962 2114 nunc
1008 2075 1344 2127 permeantibus.
1406 2074 1627 2129 Cystocar-

196 2139 281 2191 pia
312 2139 428 2180 intra
458 2139 748 2193 pericarpium
778 2141 1167 2195 liemisphaericum,
1191 2145 1479 2198 carpostomio
1501 2160 1627 2199 regu-

204 2206 288 2247 lari
318 2211 530 2259 apertum,
577 2208 742 2249 cellulis
788 2213 1032 2251 extrorsum
1076 2211 1348 2254 radiantibus
1392 2213 1628 2255 introrsum

205 2274 568 2316 subconcentricis
599 2280 860 2329 contextum,
890 2278 1090 2319 nucleum
1136 2281 1419 2322 rotundatum
1466 2282 1627 2335 simpli-

206 2356 297 2384 cem
341 2342 550 2395 foventia3
597 2344 772 2387 nucleus
824 2345 940 2386 intra
992 2347 1283 2401 pericarpium
1331 2349 1626 2402 nudiusculus,

206 2411 335 2465 plano
367 2412 507 2454 basali
537 2413 776 2466 impositus,
809 2414 919 2457 lobis
951 2417 1278 2470 praegnantibus
1310 2418 1507 2471 pluribus
1530 2432 1627 2461 coa-

204 2479 466 2522 lescentibus
497 2481 768 2534 constitutus,
805 2484 1038 2537 gemmidia
1077 2485 1265 2538 plurima
1294 2486 1627 2530 rotundato-ob-

204 2548 345 2602 longa,
392 2549 481 2589 sine
529 2550 675 2592 ordine
721 2553 949 2605 conspicuo
987 2554 1245 2607 conglobata
1276 2558 1318 2595 et
1349 2556 1474 2609 quasi
1504 2570 1626 2598 muco

205 2616 405 2667 cohibita,
428 2615 586 2658 fovens.
621 2617 936 2674 Splzaerosporae
957 2622 1002 2662 in
1024 2625 1161 2664 strato
1183 2623 1378 2664 corticali
1398 2624 1624 2677 immersae,

204 2697 365 2738 sparsae
397 2685 623 2728 cruciatim
654 2687 811 2730 divisae.

204 2774 392 2818 Nucleus
424 2779 686 2832 cystocarpii
716 2780 771 2821 ad
802 2783 954 2835 typum
983 2780 1291 2836 Rhodymeniae
1324 2783 1542 2827 confectus
1564 2785 1624 2827 vi-

93 2842 231 2888 detur.
292 2845 411 2888 Inter
444 2845 592 2889 basem
622 2847 798 2902 planam
829 2852 872 2892 et
901 2848 1161 2893 fornicatum
1200 2851 1433 2907 pericarpii
1464 2857 1625 2896 tectum
