1757 3114
78 138 368 191 Meeophlaea.
679 137 1006 179 DUMONTIAOEAE.
1530 140 1609 181 255

71 252 337 305 pressionem
370 252 487 292 vario
519 251 646 292 modo
678 251 898 305 angulata,
931 251 1122 305 gelatina
1154 252 1415 294 evidentiore
1438 267 1610 307 quoque

73 320 262 362 cohibita
306 320 519 361 videntur.
595 319 747 362 Nuclei
791 321 953 361 maturi
998 319 1280 374 Nizzophlaeae
1328 322 1609 375 dispositione

69 389 240 431 filorum
274 389 389 430 circa
419 389 664 442 placentam
696 390 931 431 centralem
963 390 1315 444 Aresclmugiam,
1347 390 1487 432 forma
1518 391 1610 433 filo-

70 473 166 501 rum
198 458 625 511 Sphaerococcoideas
658 459 748 500 fere
780 458 987 505 referunt„
1021 458 1123 499 duni
1157 459 1475 500 Dumontiaceae
1508 460 1609 500 reli-

66 540 160 581 quae
205 526 294 567 fere
340 526 503 568 habent
546 527 720 568 nucleos
766 525 1198 581 Cryptonemearum.
1260 527 1303 569 Si
1334 528 1421 569 alia
1451 525 1611 582 genera

65 597 145 638 hoc
174 599 374 649 respectu
405 610 501 637 cum
533 595 812 650 Nizzophlaea
842 597 1126 650 congruentia
1157 597 1258 638 olim
1291 598 1608 652 detegerentur,

70 666 232 707 tribum
263 665 490 718 proprium
522 666 842 707 Dumontiaceis
877 666 1122 718 proximum
1158 666 1306 708 forsan
1338 668 1610 721 potissimum

71 734 346 775 constituant.
408 734 580 776 Interea
611 733 929 788 Nizzophlaeam
963 732 1335 788 Cryptosiphoniae
1368 737 1611 789 proximam

71 802 279 856 disposui.

183 872 281 913 Jam
314 876 441 914 antea
478 873 612 914 dubia
642 873 803 926 protuli
835 873 886 914 de
919 873 1148 914 identitate
1180 874 1409 925 Generum,
1457 889 1552 928 quae
1586 890 1611 916 a

71 940 241 995 Harvey
273 944 314 981 et
345 940 579 994 Montagne
617 942 789 982 nomine
834 941 1104 995 Dasyphlaeae
1150 941 1378 995 designata
1422 942 1609 984 fuerunt.

70 1009 134 1050 Ex
165 1009 305 1050 verbis
340 1008 525 1063 Harveyi
558 1024 641 1051 non
663 1010 799 1063 liquet
820 1024 916 1050 eum
940 1011 1156 1063 specimen
1178 1011 1336 1064 plantae
1360 1011 1610 1066 Montagnei

71 1092 354 1131 comparasse.
416 1078 464 1118 In
496 1078 648 1120 ultimo
680 1092 808 1131 opere
839 1078 1058 1120 confessus
1101 1083 1165 1120 est
1196 1080 1493 1121 characterem
1526 1083 1608 1122 (je—

70 1148 182 1188 neris
214 1147 414 1199 primitus
451 1147 614 1197 datum,
647 1148 926 1200 pubescentia
972 1148 1279 1201 microscopica
1323 1149 1489 1191 frondis
1519 1150 1608 1191 sere

70 1219 239 1257 tantum
270 1216 512 1265 fundatum,
546 1216 602 1256 ad
633 1216 779 1257 Grenus
812 1217 1204 1270 recognoscendum
1237 1218 1441 1259 sufficere.
1483 1218 1608 1272 Ejus—

69 1285 186 1325 modi
216 1285 542 1338 pubem-entiam
572 1288 717 1325 tarmen
756 1286 887 1326 etiam
918 1285 961 1326 in
994 1285 1090 1326 aliis
1126 1285 1337 1327 Florideis
1383 1301 1608 1329 occurrere

70 1353 193 1394 hodie
224 1354 442 1407 cognitum
474 1357 557 1401 est;
591 1353 789 1406 equidem
812 1353 991 1395 eandem
1013 1355 1056 1394 in
1080 1354 1324 1408 Mychodeae
1348 1356 1487 1409 specie
1510 1357 1607 1408 vidi,

71 1436 164 1476 quae
196 1437 293 1463 cum
325 1422 583 1476 Dasyphlaea
614 1422 864 1476 Montagnei
894 1427 1061 1463 tantam
1109 1422 1235 1464 offert
1281 1424 1607 1466 sii‘nilitudinem

70 1495 117 1532 ut
147 1491 434 1533 dubitandum
473 1491 578 1532 mihi
624 1491 822 1532 videatur
868 1506 977 1533 anne
1010 1493 1151 1545 potius
1191 1493 1281 1534 haec
1313 1507 1408 1534 cum
1441 1493 1609 1535 Genere

69 1560 318 1614 Montagnei
349 1561 605 1601 conveniret.

182 1630 284 1680 Quae
316 1644 412 1670 cuni
457 1630 518 1670 ita
563 1630 662 1680 sint,
698 1629 803 1670 mihi
849 1629 1007 1670 iterum
1052 1630 1296 1684 iterumque
1342 1635 1607 1673 structuram

70 1698 231 1751 plantae
261 1698 527 1752 Harveyanae
559 1712 656 1738 cum
687 1698 972 1751 descriptione
1004 1702 1047 1739 et
1078 1699 1284 1747 iconibus
1319 1714 1426 1753 quas
1448 1700 1608 1753 plantae

10 1806 12 1808 ,
70 1766 318 1820 Montagnei
350 1767 563 1808 dederunt
595 1766 827 1820 Montagne
856 1772 898 1808 ot
921 1767 1122 1820 Kiitzing„
1146 1769 1415 1821 comparanti
1437 1769 1610 1810 demum

69 1835 158 1877 fere
190 1836 362 1877 omnino
394 1839 560 1876 certum
592 1835 797 1888 adparuit
830 1835 909 1876 has
949 1835 1120 1888 plantas
1158 1850 1309 1877 revera
1346 1850 1437 1878 esse
1469 1838 1609 1879 diver-

71 1918 215 1945 sorum
247 1903 463 1945 Generum
495 1905 668 1957 species„
692 1909 734 1945 et
756 1904 835 1944 hac
858 1905 1123 1946 convictione
1145 1905 1281 1946 fretus
1304 1905 1610 1961 Harveyanum

29 1989 31 1993 ’
72 1972 214 2014 Genus
246 1973 327 2013 sub
362 1973 539 2026 proprio
572 1973 743 2014 nomine
774 1973 1007 2015 introduxi.
1069 1973 1158 2015 Has
1196 1974 1467 2017 diversitates
1500 1977 1608 2017 utri-

70 2055 205 2094 usque
236 2040 415 2082 Generis
445 2041 589 2082 video:

182 2110 230 2150 In
264 2110 524 2164 Dasyphlaea
554 2110 740 2164 Harveyi
773 2111 901 2152 tubus
934 2111 1058 2152 axilis
1090 2112 1226 2161 adest,
1251 2126 1276 2153 a
1298 2127 1382 2166 quo
1414 2112 1488 2153 fila
1520 2127 1609 2153 om-

43 2169 142 2218 'nia
172 2177 367 2219 frondem
400 2179 706 2219 constituentia
737 2178 847 2220 velut
882 2180 992 2221 rami
1038 2185 1214 2229 cxeunt3
1260 2181 1304 2221 in
1350 2181 1611 2235 Dasyphlaea

72 2245 321 2300 Montagnei
353 2247 480 2301 hujus
511 2248 605 2289 tubi
644 2248 768 2290 axilis
811 2249 974 2289 nullam
1013 2250 1184 2290 omnino
1216 2250 1475 2291 mentionem
1508 2250 1609 2291 fecit

72 2314 315 2369 Montagne‚
348 2329 486 2369 neque
516 2316 560 2356 in
591 2316 840 2370 analysibus
873 2332 898 2357 a
931 2317 1162 2370 Montagne
1201 2322 1244 2358 et
1274 2317 1461 2371 Kiitzing
1494 2319 1607 2359 datis

73 2384 381 2437 conspiciatur3
415 2385 449 2425 si
481 2398 631 2425 revera
668 2384 893 2435 adfuisset,
926 2387 995 2427 vix
1026 2400 1244 2427 assumere
1289 2386 1389 2427 licet
1435 2387 1608 2428 omnino

74 2453 127 2494 ab
158 2458 342 2506 utroque
374 2454 713 2505 praetermissum
744 2453 891 2495 fuisse.
933 2455 983 2495 In
1004 2455 1265 2509 Dasyphlaea
1296 2454 1482 2509 Harveyi
1514 2460 1606 2496 tota

72 2520 189 2563 frons
219 2521 303 2563 filis
327 2522 615 2574 componitur;
648 2522 714 2563 his
735 2521 818 2563 filis
840 2523 1131 2576 peripheriam
1153 2537 1301 2564 versus
1325 2523 1608 2568 densioribus,

72 2588 190 2631 frons
220 2590 269 2631 fit
298 2590 502 2631 tubulosa
532 2590 647 2631 intra
678 2595 865 2632 stratum
896 2590 1100 2632 corticale
1133 2591 1214 2632 filis
1246 2591 1608 2633 moniliformibus

74 2659 367 2711 compositum.
428 2658 478 2699 In
508 2658 768 2712 Dasyphlaea
798 2659 1047 2713 Montagnei
1085 2661 1202 2701 frons
1241 2660 1445 2701 tubulosa
1484 2662 1608 2713 quasi

74 2727 212 2769 tribus
243 2728 392 2768 stratis
424 2728 716 2779 componitur:
748 2729 865 2769 intra
895 2730 1048 2770 tubum
1081 2729 1241 2769 adsunt
1270 2727 1345 2769 fila
1375 2729 1608 2771 admodum

73 2796 219 2836 tenuia
249 2795 623 2850 longitudinaliter
654 2798 942 2843 excurrentia;
975 2797 1105 2838 tubus
1137 2797 1324 2849 cingitur
1355 2801 1491 2838 strato
1523 2798 1607 2839 cel-

75 2863 262 2906 lularum
293 2865 669 2915 concrescentium‚
702 2879 798 2918 quae
822 2866 1034 2907 diametro
1057 2866 1193 2906 multo
1215 2866 1399 2919 majores
1422 2869 1605 2908 stratum
