1757 3114
666 99 1088 142 SPHAERoeoccomEAE.
1567 98 1647 140 393

302 140 318 166 f

112 216 375 260 densissimis
406 217 619 267 contexta,
651 227 749 256 eum
779 211 929 254 stratis
960 210 1247 254 exterioribus
1283 211 1405 254 initio
1444 212 1649 266 contigua

112 286 302 337 videtur3
333 283 485 326 nucleo
521 286 666 326 autem
706 282 883 337 globoso
922 284 998 322 aut
1029 280 1357 334 hemispliaerico
1396 294 1518 323 secus
1548 294 1649 335 par-

113 359 201 397 tem
232 353 498 408 superiorem
529 366 555 394 a
585 352 734 394 stratis
765 349 1047 405 periphericis
1078 350 1237 391 sensim
1258 349 1412 401 soluto,
1435 349 1511 391 fila
1531 363 1649 404 gem-

110 421 327 465 midiifera
356 421 411 464 ab
443 421 524 462 hac
554 424 680 475 parte
711 419 934 473 superiore
964 419 1239 471 proveniunt3
1272 432 1357 472 quo
1388 418 1527 472 magis
1558 418 1649 460 haec

109 492 376 543 evolvuntur,
407 489 685 546 placentariis
716 489 957 543 adparatus
981 487 1139 530 sensim
1162 487 1402 530 diminutus
1424 487 1649 542 adpareat.

108 560 159 602 In
196 558 414 602 nonnullis
460 558 723 614 placentaris
769 557 1007 611 adparatus
1039 569 1065 597 a
1095 556 1244 597 stratis
1288 556 1522 610 pericarpii
1565 570 1650 598 non

107 629 316 683 contigue
339 628 531 679 solvitur,
563 627 638 669 sed
659 626 869 669 columnis
889 624 1222 679 persistentibus
1243 624 1416 666 filorum
1437 624 1650 667 sterilium

107 698 237 740 etiam
269 697 314 738 in
344 699 663 738 maturescente
694 693 961 750 cystocarpio
993 692 1202 744 cohaeret3
1235 693 1280 733 in
1301 693 1512 747 ejusmodi
1532 693 1648 736 fruc-

105 765 222 808 tibus
252 765 452 807 nucleum
484 765 609 819 quasi
639 763 846 805 nucleolis
891 761 1090 816 pluribus
1131 761 1415 815 compositum
1454 762 1648 804 conside-

106 848 206 876 rare
236 833 348 876 lieet.
410 834 574 875 Praeter
619 832 730 874 hanc
775 830 1066 873 differentiam
1101 830 1196 883 ipsa
1226 828 1301 870 fila
1330 829 1649 883 gemmidiifera

106 902 379 945 diversitates
411 904 668 952 monstrant,
716 900 873 955 quibus
919 898 1177 941 ducentibus
1217 897 1413 940 ordinem
1444 898 1524 940 hoc
1555 898 1647 941 loco

108 970 382 1013 subdividere
413 973 592 1012 conatus
624 983 730 1011 sum.

221 1038 395 1080 Ordinis
427 1039 576 1092 itaque
607 1037 713 1078 mihi
745 1039 845 1079 sunt
875 1035 1033 1079 Tribus
1064 1038 1254 1090 quatuor
1285 1038 1533 1090 sequentes:

109 1132 311 1183 TRIBUS
347 1132 382 1181 l.
455 1130 924 1181 PHAOELOCARPEAE
945 1140 1029 1182 filis
1051 1140 1378 1196 gemmidiiferis
1400 1153 1534 1194 supra
1555 1139 1649 1193 pla-

223 1216 392 1254 centam
445 1211 799 1266 quoquoversumss
844 1211 1129 1263 radiantibus,
1183 1210 1350 1252 inferne
1395 1209 1650 1251 densissime

222 1281 474 1335 constipatis
504 1280 594 1322 fere
625 1280 804 1331 coalitis,
837 1280 1100 1334 adparenter
1132 1278 1492 1334 simpliciusculis,
1515 1278 1649 1334 cylin—

223 1350 391 1392 draceis
435 1349 566 1404 longa
613 1350 723 1391 serie
769 1349 1026 1401 articulatis,
1073 1349 1269 1391 articulis
1316 1348 1527 1402 supremis
1572 1362 1651 1402 per

223 1433 353 1461 zonas
384 1419 679 1461 concentricas
710 1417 1120 1469 maturescentibus3
1160 1417 1403 1472 gemmidiis
1434 1416 1649 1472 cylindra-

222 1490 546 1541 ceo-truncatis,
579 1489 745 1530 emissis
783 1503 916 1543 supra
946 1488 1019 1530 fila
1056 1488 1331 1542 praegnantia
1362 1501 1474 1541 saepe
1505 1487 1550 1528 in
1580 1501 1649 1529 zo-

228 1572 306 1600 nas
336 1558 632 1599 concentricas
663 1556 866 1599 collectis.

199 1627 254 1661 De
293 1626 475 1661 affinitate
519 1625 790 1671 Phacelocarpi
835 1625 1061 1660 dubitarunt
1098 1624 1348 1670 systematici.
1404 1623 1652 1669 Cystocarpia

107 1684 287 1719 nimirum
312 1683 377 1717 diu
402 1683 548 1729 ignota,
575 1683 740 1727 tandem!
763 1682 918 1728 cognita
954 1681 1156 1727 peculiaris
1183 1682 1262 1717 fere
1288 1681 1428 1716 indolis
1466 1681 1650 1724 adparue-

107 1745 210 1776 runt.
261 1741 478 1786 Periearpia
515 1740 790 1784 quodammodo
828 1739 1168 1785 apotheeiiformia,
1207 1740 1321 1774 latius
1360 1739 1507 1774 hiantia
1538 1751 1650 1784 quam

107 1799 147 1833 in
173 1798 257 1832 aliis
284 1797 472 1832 Florideis
498 1808 630 1832 norma
656 1800 726 1831 est.
777 1797 860 1831 Fila
885 1796 1168 1842 gemmidiifera
1194 1808 1309 1842 supra
1344 1797 1559 1841 placentam
1595 1796 1651 1831 ita

109 1856 338 1891 densissime
364 1855 592 1900 constipata,
619 1857 661 1889 ut
686 1855 851 1890 invicem
879 1855 943 1889 vix
968 1855 1091 1890 libera
1116 1855 1244 1889 dicere
1271 1855 1399 1889 liceat.
1434 1855 1522 1899 Ipsa
1546 1866 1650 1900 gem-

108 1913 226 1948 midia
251 1915 340 1947 sunt
363 1912 483 1947 forma
508 1912 664 1947 insolita
688 1912 866 1956 praedita,
903 1924 1039 1957 nempe
1077 1912 1319 1956 cylindracea
1343 1912 1513 1957 apicibus
1540 1915 1649 1947 trun-

109 1969 204 2004 catis
231 1969 507 2014 aliquantulum
532 1969 769 2011 rotundatis3
796 1971 944 2004 matura
968 1969 1175 2015 gemmidia
1199 1969 1240 2003 in
1265 1981 1409 2014 zonam,
1442 1972 1506 2004 aut
1537 1981 1649 2004 zonas

32 2046 54 2064 z
106 2039 243 2073 paucas
271 2027 532 2062 coneentrieas
560 2038 674 2072 supra
699 2026 763 2061 fila
787 2027 1014 2073 generantia
1038 2027 1284 2073 colliguntur.
1333 2028 1377 2062 In
1404 2028 1584 2072 symbolis
1603 2028 1650 2062 ad

108 2085 208 2129 Syst.
247 2084 391 2119 Florid.
430 2084 556 2127 (Biclr.
586 2084 731 2120 Florid.
759 2084 857 2130 Syst.
878 2096 920 2129 p.
947 2085 1008 2129 31)
1047 2087 1280 2118 structuram
1317 2084 1547 2129 eystocarpii
1585 2085 1649 2119 de—

108 2141 259 2187 scripsi,
285 2143 325 2175 at
349 2141 404 2176 ita
428 2141 673 2176 abludentem
700 2141 845 2186 putavi,
864 2144 907 2176 ut
926 2142 971 2175 de
990 2140 1236 2176 affinitatibus
1252 2141 1424 2186 judicare
1442 2153 1518 2176 non
1537 2152 1649 2175 ausus

107 2199 190 2234 sim.
238 2198 361 2233 Hodie
387 2198 527 2232 iterum
566 2201 783 2244 comparata
820 2202 901 2234 tota
938 2198 1035 2233 serie
1075 2198 1532 2244 Spliaerococcoidearum,
1569 2201 1650 2233 tum

106 2255 366 2301 Nizymeniam
390 2255 469 2289 fere
496 2256 648 2290 omnino
674 2259 951 2301 congruentem
977 2256 1102 2300 video,
1139 2255 1223 2301 ipsa
1258 2255 1378 2290 forma
1404 2258 1564 2289 externa
1589 2267 1649 2300 cy-

108 2314 289 2360 stocarpii
315 2316 487 2358 excepta,
515 2304 595 2348 tum
620 2314 725 2348 inter
749 2314 1009 2359 Nizymeniam
1029 2317 1066 2349 et
1084 2314 1268 2349 nonnulla
1291 2311 1651 2347 Melanthaliearum

108 2372 257 2407 Genera
281 2370 487 2405 transitum
513 2383 588 2406 non
613 2372 814 2406 admodum
841 2371 1051 2406 difficilem:
1090 2371 1174 2406 Fila
1198 2370 1377 2404 nimirum
1407 2369 1651 2415 praegnantia

108 2431 281 2475 analoga,
308 2428 513 2475 gemmidia
539 2440 627 2463 vero
652 2428 735 2474 ipsa
770 2428 891 2464 forma
926 2429 1091 2463 diversa.
1140 2427 1331 2462 Differunt
1367 2438 1515 2470 quoque
1540 2426 1580 2461 in
1606 2438 1650 2462 eo

109 2488 208 2531 quod
232 2488 362 2532 plures
388 2486 540 2521 articuli
567 2486 781 2532 superiores
807 2487 847 2521 in
871 2486 1155 2521 Melanthalieis
1183 2485 1294 2519 simul
1320 2487 1577 2519 maturescere
1596 2484 1650 2519 vi-

109 2544 266 2586 dentur3
292 2544 332 2579 in
357 2544 672 2589 Phacelocarpeis
699 2556 790 2579 vero
816 2547 906 2579 sunt
932 2543 1099 2588 supremi
1126 2554 1272 2587 quoque
1291 2545 1463 2586 tempore
1482 2541 1650 2586 articuli,

110 2602 173 2645 qui
199 2601 302 2636 zonis
330 2600 583 2636 concentricis
621 2604 879 2636 maturescere
917 2601 1111 2635 videntur.
1161 2599 1483 2644 Pliaeelocarpeas
1521 2598 1649 2643 itaque

110 2658 252 2693 tribum
276 2658 379 2694 inter
406 2658 783 2703 Sphaerocoecoideas
811 2658 882 2694 sibi
908 2657 1103 2703 proprium
1131 2656 1366 2691 constituere
1393 2667 1542 2691 censeo.

374 2726 687 2779 Dispouantur:

113 2782 263 2820 Fronde
283 2783 404 2829 plana
431 2782 568 2818 lineari
590 2783 826 2827 inteyerrima
846 2782 1188 2828 prolfflcationibus

637 2850 783 2876 ramosa
832 2866 1190 2877 .......
1240 2838 1340 2876 XCV
1365 2839 1398 2876 N
1401 2851 1579 2876 mimmii.
