1757 3114
71 174 305 217 Farlowz'a.
643 174 966 216 DUMONTIACEAE.
1521 174 1597 215 261

66 288 164 338 LVI·
203 290 473 342 FARLOWIA
508 300 554 343 J.
588 301 669 354 Ay.
700 316 822 342 mser.

68 395 201 437 Frons
232 394 503 448 planiuscula
534 398 610 435 aut
641 406 898 447 compressa,
931 405 956 432 a
988 392 1183 445 margine
1215 392 1426 446 pinnatim
1459 405 1599 431 ramo—

179 462 359 514 sissima,
392 476 586 514 carnosa,
627 461 827 516 juvenilis
874 463 916 501 et
960 459 1150 501 adultior
1204 460 1287 502 filis
1332 459 1602 501 densioribus

178 531 329 578 farcta,
361 530 464 572 axili
496 531 674 584 siphone
705 530 845 579 111111ος
885 529 968 570 filis
1008 533 1193 571 stratum
1232 529 1413 571 interius
1445 527 1603 570 consti-

178 599 400 642 tuentibus
431 600 632 653 plurimis
663 598 1061 653 longitudinalibus,
1095 598 1190 639 aliis
1222 598 1335 639 inter
1366 597 1602 651 longitudi-

177 668 299 709 nales
331 668 679 710 transversaliter
711 666 1048 716 excurrentibus,
1072 666 1187 707 intra
1208 666 1359 708 tubum
1382 666 1605 720 hyalinum

177 736 431 786 articulatiS,
465 737 659 779 articulis
691 736 887 790 oblongis
929 734 1154 789 elongatis,
1187 735 1474 777 exterioribus
1505 735 1604 777 bre-

176 805 368 848 vioribus
399 806 445 847 in
477 805 552 846 fila
582 805 806 847 verticalia
835 803 1334 857 fasciculam-fastigiata
1366 803 1604 845 monilifor-

178 875 305 917 miter
336 874 570 917 articulata
601 875 728 916 strati
759 873 974 916 corticalis
996 873 1267 915 abeuntibus.
1320 871 1603 926 Cystoeawpia

176 945 220 986 in
265 944 444 986 ramulis
489 945 740 986 incrassatis
785 944 1063 986 circumcirca
1108 944 1324 993 immersa,
1372 944 1416 984 in
1462 943 1603 996 spatio

176 1014 332 1055 laxiori
362 1015 475 1055 inter
507 1017 739 1067 utrumque
771 1016 957 1054 stratum
987 1012 1188 1065 plurima,
1222 1011 1434 1053 solutione
1466 1012 1604 1065 partis

178 1082 351 1124 demum
381 1082 580 1131 liberata,
613 1081 762 1123 nucleo
787 1081 1119 1135 simpliciusculo
1141 1081 1395 1132 constituta3
1428 1081 1604 1122 nucleus

177 1164 203 1192 a
232 1150 314 1192 filis
345 1150 705 1192 moniliformibus
737 1150 987 1192 brevissime
1019 1149 1261 1191 articulatis
1283 1150 1485 1199 curvatis,
1509 1163 1603 1190 sen-

177 1220 256 1262 sim
288 1220 571 1261 articulorum
603 1219 891 1261 subdivisione
923 1219 966 1260 in
997 1218 1225 1260 fasciculos
1257 1232 1605 1272 quoquoversum

175 1289 395 1331 radiantes
426 1289 597 1331 filorum
643 1288 875 1342 gemmidia
920 1288 1221 1341 generantium
1268 1287 1603 1337 transformatis,

177 1359 420 1412 gemmidiis
454 1393 461 1400 .
497 1393 504 1399 .
538 1393 545 1400 .
579 1391 587 1398 .
624 1358 938 1411 Sphcerosporae
970 1392 977 1398 .
1012 1390 1019 1397 .
1053 1391 1060 1398 .
1094 1390 1101 1397 .

179 1454 337 1503 Genus,
371 1467 436 1494 me
453 1443 457 1446 ⁵
463 1453 621 1507 judice,
652 1453 764 1493 inter
794 1452 972 1493 Pikeam
1004 1455 1047 1493 et
1079 1450 1448 1505 Sarcophyllidem
1471 1451 1603 1492 inter-

67 1522 265 1571 medium,
299 1522 452 1563 habitu
491 1520 817 1562 ramificationis
855 1534 1007 1561 norma
1037 1524 1080 1561 et
1109 1519 1434 1560 characteribus
1466 1522 1605 1560 struc-

65 1594 173 1633 turae
205 1589 350 1632 allatis
376 1589 632 1631 Prionitides
655 1588 866 1642 quosdam
886 1588 1090 1637 referens,
1113 1588 1181 1630 vix
1202 1592 1347 1628 tamen
1370 1588 1434 1628 his
1467 1588 1604 1635 affine,

66 1664 214 1714 utpote
245 1673 311 1701 me
340 1659 484 1714 judice
513 1659 569 1700 ad
591 1659 923 1700 Dumontiaceas
947 1671 1022 1698 nec
1044 1656 1382 1712 Cryptonemeas
1414 1657 1604 1698 referen-

67 1729 180 1770 dum.
222 1728 330 1769 Tota
360 1727 479 1769 frons
510 1727 594 1769 filis
625 1727 860 1767 constituta
890 1725 1147 1777 articulatis,
1180 1740 1394 1780 nusquam
1416 1726 1480 1767 ita
1501 1725 1604 1766 den-

68 1798 124 1839 sis
154 1802 202 1838 ut
232 1796 487 1838 cellularum
518 1795 883 1836 concrescentium
923 1799 1108 1835 stratum
1146 1793 1311 1835 efficere
1350 1795 1602 1848 adpareant.

67 1865 281 1907 Interiora
311 1865 441 1906 dense
471 1863 612 1905 farcta
642 1864 768 1904 firma
798 1868 840 1904 et
871 1877 1029 1911 crassa,
1052 1863 1096 1904 in
1120 1866 1237 1904 statu
1262 1864 1498 1904 maturiore
1530 1877 1603 1904 en-

67 1934 343 1975 dochromate
389 1932 705 1986 subgranuloso
752 1931 986 1973 admodum
1031 1932 1259 1984 conspicuo
1299 1932 1415 1973 intra
1452 1934 1603 1973 tubum

66 2003 289 2058 hyalinum
336 2003 567 2052 instructa3
614 2001 787 2042 articuli
833 2000 1093 2054 cylindracei
1139 2001 1395 2042 interiorum
1432 2000 1602 2042 filorum

67 2071 248 2125 4-81310
280 2070 490 2112 diametro
520 2069 749 2124 longiores,
783 2070 1047 2111 exteriorum
1081 2070 1266 2123 2—4plo
1290 2085 1366 2112 suo
1389 2070 1602 2112 diametro

43 2136 300 2194 'longiores3
348 2140 582 2181 exteriores
629 2153 725 2180 cum
771 2139 1050 2181 interioribus
1096 2139 1349 2192 comparati,
1397 2143 1498 2180 sunt
1537 2140 1602 2181 his

68 2222 177 2262 saepe
209 2207 340 2263 duplo
372 2208 618 2257 crassiores,
651 2222 797 2249 omnes
829 2208 1024 2262 apicibus
1057 2208 1209 2249 eximie
1248 2208 1493 2249 rotundatis
1527 2209 1602 2249 ob-

65 2278 193 2332 longi.
235 2278 429 2320 Stratum
461 2278 662 2319 corticale
695 2282 863 2319 constat
884 2276 1100 2319 fasciculis
1122 2276 1294 2318 filorum
1316 2277 1599 2328 verticaliuni,

67 2362 250 2401 quorum
282 2347 454 2388 articuli
484 2347 624 2388 intimi
670 2347 724 2388 ab
771 2347 940 2388 extimis
987 2346 1183 2387 articulis
1222 2347 1350 2387 strati
1380 2346 1600 2387 interioris

66 2416 133 2457 vix
163 2416 382 2463 recedunt,
415 2416 648 2456 exteriores
680 2415 895 2468 gradatim
927 2415 1145 2456 tenuiores
1169 2418 1210 2456 et
1233 2415 1464 2465 densiores,
1496 2415 1600 2468 ipsis

66 2485 257 2526 &articulis
302 2485 578 2526 corticalibus
625 2485 760 2538 magis
808 2483 1011 2526 coloratis
1043 2488 1085 2525 et
1116 2484 1315 2537 multiplo
1347 2484 1597 2525 minoribus.

66 2552 183 2594 Inter
213 2552 519 2596 fasciculorum
550 2553 820 2595 verticalium
852 2554 976 2595 bases
1009 2567 1129 2603 zona,
1152 2553 1234 2593 filis
1258 2552 1393 2592 multo
1425 2552 1598 2592 laxiori—

67 2621 144 2662 bus
176 2625 395 2675 occupata,
419 2620 467 2662 fit
488 2623 765 2676 cystocarpiis
798 2623 1112 2675 adproximatis
1144 2622 1316 2662 demum
1349 2635 1597 2674 przegnans3

67 2690 235 2730 articuli
266 2690 437 2730 filorum
468 2689 722 2731 interiorum
755 2691 988 2732 exteriores
1011 2691 1298 2731 observantur
1320 2689 1492 2730 demum
1515 2690 1598 2730 evi-

67 2757 233 2799 dentius
266 2756 485 2811 granulosi
520 2761 560 2799 et
591 2759 748 2799 sensim
780 2759 904 2812 quasi
950 2759 1064 2799 intra
1112 2758 1407 2799 membranam
1440 2758 1598 2799 articu-

65 2824 161 2875 lati·⁷
194 2825 363 2866 articuli
396 2825 439 2866 hi
471 2826 696 2867 interiores
742 2827 1047 2880 expanduntur
1078 2830 1120 2867 et
1157 2826 1390 2867 articulum
1436 2827 1597 2880 prima-

67 2893 174 2934 rium
197 2894 515 2948 cylindraceuln
538 2895 581 2936 in
601 2895 720 2937 filum
742 2896 935 2938 articulis
956 2896 1217 2939 brevissimis
1240 2896 1597 2939 moniliformibus
