1757 3114
92 134 170 175 (536

391 863 552 931 (1111111
601 865 763 932 ΧΧΙΙ.
860 864 1312 932 GHONDRIEAE.

205 1013 323 1066 Algae
355 1013 641 1055 inarticulatae
674 1013 883 1056 tubulosae
923 1017 998 1054 aut
1029 1013 1187 1064 solidae,
1225 1012 1307 1054 filis
1349 1017 1424 1054 aut
1454 1012 1620 1055 cellulis

93 1097 175 1123 non
207 1096 227 1122 e
260 1083 431 1135 regione
462 1084 610 1136 positis
641 1088 747 1124 cont
770 1087 861 1133 Δ1110,
894 1083 963 1124 axi
1002 1083 1183 1124 centrali
1230 1096 1341 1136 saepe
1387 1096 1615 1135 percursa).

93 1151 370 1204 Cystocarpia
401 1151 514 1191 intra
552 1151 715 1192 frondis
762 1150 1029 1203 superficiem
1074 1150 1236 1201 inflata,
1284 1155 1359 1191 aut
1391 1151 1622 1203 saepissime

92 1219 209 1259 intra
240 1219 528 1272 pericarpium
577 1223 799 1260 externum
846 1223 1030 1268 ovatum,
1079 1219 1364 1272 carpostomio
1411 1219 1624 1259 terminali

91 1292 326 1341 pertusum,
359 1288 609 1330 fasciculum
640 1288 809 1329 filorum
850 1288 1165 1341 praegnantium
1197 1301 1222 1328 a
1252 1287 1451 1341 placenta
1487 1287 1624 1328 basali

92 1357 349 1403 emittentia3
381 1356 456 1397 fila
486 1357 797 1410 gemmidiifcra
828 1356 1006 1397 invicem
1038 1356 1187 1405 libera,
1219 1356 1315 1409 plus
1348 1357 1486 1397 minus
1509 1355 1623 1397 elon-

93 1430 195 1479 gata
227 1430 268 1466 et
298 1439 480 1470 ramosa,
513 1440 538 1466 a
568 1425 767 1478 placenta
798 1425 1082 1467 fascic-ulatim
1115 1425 1343 1473 radiantia,
1376 1425 1420 1465 in
1443 1424 1624 1466 articulo

92 1493 309 1533 terminali
340 1493 492 1546 majori
533 1494 697 1534 clavato
734 1493 964 1546 genunidia
1001 1492 1170 1546 singula
1208 1493 1391 1534 obovata
1427 1493 1625 1534 foventia.

94 1561 412 1615 Sphaerosporae
436 1566 570 1603 strato
589 1562 794 1609 cortic-ali,
818 1576 927 1602 1111110
950 1562 993 1602 111
1016 1575 1214 1603 verrucas
1237 1560 1624 1602 nemathecioideas

92 1630 274 1680 evoluto,
307 1630 530 1677 immersae,
565 1631 654 1672 sine
687 1630 835 1671 ordine
867 1643 1026 1682 sparsae
1058 1634 1133 1670 aut
1163 1634 1420 1683 aggregatae.

209 1697 273 1739 Ex
306 1698 466 1744 01111110,
499 1697 639 1751 qualis
671 1698 713 1738 in
745 1697 974 1750 Speciebus
1006 1697 1213 1750 Algarum
1246 1697 1623 1745 circumscribitur,

94 1765 461 1819 Spongiocarpeas
507 1766 733 1807 Solierieas
765 1771 806 1807 et
842 1766 1175 1815 Lomentarieas,
1225 1779 1331 1819 quas
1376 1769 1424 1806 ut
1470 1764 1626 1806 Tribus

94 1834 293 1886 proprias
340 1834 593 1875 Chondrieis
648 1834 938 1883 adnumeravi,
992 1833 1279 1875 excludendas
1325 1847 1415 1874 esse
1461 1847 1626 1882 censeo,

91 1902 255 1943 Revera
287 1904 328 1944 in
360 1902 445 1944 illis
477 1902 754 1957 Cystocarpia
794 1902 858 1943 vel
904 1903 1193 1956 dispositionis
1240 1902 1376 1947 1110110,
1424 1902 1488 1942 vel
1533 1902 1626 1954 ipsa

93 1974 312 2011 structura
343 1972 481 2013 nuclei
515 1972 691 2013 nimium
724 1971 891 2012 diversa
923 1985 1051 2024 quam
1075 1975 1122 2011 ut
1143 1970 1196 2011 ad
1219 1970 1402 2011 eundem
1432 1969 1625 2010 ordinem

93 2038 238 2080 omnes
270 2040 525 2092 pertineant.
586 2039 838 2080 Chondrieae
870 2039 948 2080 hoc
981 2038 1105 2079 niodo
1144 2038 1337 2079 limitatae
1385 2037 1624 2078 Rhodome-

91 2108 167 2149 leis
199 2108 532 2149 conformatione
564 2109 816 2161 cystocarpii
847 2108 1063 2161 proximae,
1097 2110 1318 2148 structura
1339 2106 1515 2153 frondis,
1540 2105 1623 2147 cel-

93 2175 191 2217 lulis
224 2190 374 2229 nempe
406 2176 739 2229 pericentalibus
771 2191 853 2217 non
886 2191 907 2216 e
938 2177 1110 2228 regione
1150 2175 1313 2228 positis,
1354 2179 1396 2216 et
1433 2175 1622 2228 sphaero-

96 2258 321 2297 sporarum
353 2244 396 2285 in
428 2248 563 2285 strato
595 2244 786 2285 corticali
817 2247 1025 2296 proventu
1058 2243 1248 2284 diversae.

205 2312 375 2353 Genera
405 2312 597 2365 disposui
629 2312 896 2364 potissimum
928 2311 1108 2352 ducente
1140 2315 1359 2352 structura
1390 2315 1431 2352 et
1460 2311 1624 2352 confor-

94 2380 280 2421 matione
311 2380 444 2433 ipsius
476 2380 651 2421 frondis.
712 2380 898 2420 Detectis
938 2379 1258 2432 sphaerosporis,
1292 2394 1386 2433 quae
1417 2379 1460 2420 in
1490 2378 1624 2432 pluri-

94 2448 172 2488 bus
205 2447 330 2488 hodie
362 2447 517 2501 ignotae
557 2452 667 2490 sunt,
715 2446 938 2499 dispositio
985 2446 1072 2487 sine
1119 2447 1248 2488 dnbio
1280 2446 1447 2488 facilior
1478 2448 1553 2487 fiat
1584 2451 1626 2488 et

94 2516 344 2558 melioribus
378 2517 700 2558 characteribus
731 2515 924 2557 fundata.
967 2515 1015 2556 In
1047 2516 1228 2570 cognitis
1260 2516 1455 2569 plurimis
1488 2515 1625 2568 sphae-

94 2599 281 2638 rosporae
314 2585 357 2625 in
389 2589 525 2626 strato
557 2584 748 2626 corticali
788 2598 940 2637 parum
972 2589 1138 2626 mutato
1169 2583 1429 2634 formantur3
1470 2584 1512 2624 in
1543 2584 1624 2625 De-

94 2653 199 2694 lisea
230 2658 272 2694 et
303 2652 631 2707 Leptophyllide
663 2653 705 2693 in
738 2652 845 2693 soris
883 2652 1210 2693 nematheciosis
1251 2652 1516 2705 proveniunt.
1576 2652 1624 2693 In

94 2721 417 2776 Leptophyllide
449 2726 490 2763 et
521 2722 723 2763 Ricardia
745 2721 965 2762 cruciatiin
988 2721 1151 2767 divisae:
1185 2721 1226 2761 in
1251 2721 1419 2762 Delisea
1440 2724 1623 2771 zonatae3

96 2791 137 2830 in
171 2790 367 2843 plurimis
399 2790 615 2842 triangule
646 2790 789 2831 divisae
821 2789 1028 2831 videntur.
1072 2790 1120 2830 In
1151 2789 1506 2830 Bonnemaisonia
1537 2788 1624 2829 Pti-

94 2858 209 2900 lonia
239 2864 280 2901 et
311 2858 600 2913 Asparagopsi
632 2858 820 2900 nondum
852 2858 1041 2899 detectae.
