1757 3114
100 148 181 189 390
623 201 626 206 ι
687 144 978 192 SQUAMARIEAE.
1310 147 1626 202 Peyssonnelia.

211 261 324 312 latis,
357 260 490 301 ramis
521 260 733 300 arcuatim
765 258 1139 311 adscendentibus,
1180 261 1374 303 articulis
1420 260 1629 302 diametro

213 327 479 382 21210—41210,
515 328 796 381 longioribus.
853 327 990 369 Harv.
1041 327 1171 382 Phyle.
1222 333 1354 371 austr.
1376 318 1379 323 ¹
1401 329 1483 370 tab.
1529 329 1629 379 ‘2693

215 396 312 449 AZ9.
347 395 496 438 Austr
528 409 615 438 exs.
644 410 714 438 mo
747 396 840 437 329.
889 395 1189 439 Hoematocelis
1233 397 1442 440 australis
1473 396 1518 438 J.
1550 395 1630 449 A9.

218 466 288 517 Sp.
317 479 360 517 Ζ).
393 465 487 505 499.

215 533 325 574 Hab.
357 532 413 573 ad
443 532 566 574 littus
596 532 724 574 Novae
756 492 998 575 Hellandiae
1030 537 1072 575 et
1102 533 1311 575 orientale
1341 531 1571 588 (Harveyl)
1592 535 1634 573 et

367 602 632 644 occidentale
665 603 719 643 ad
752 603 902 646 Picton
932 604 1058 659 (Miss
1089 603 1352 660 Bunburyl).

192 684 224 717 A
250 685 442 717 structura
466 683 627 718 normali
652 683 934 727 Peyssonneliae
960 682 1112 718 diversa
1135 683 1227 717 mihi
1253 683 1416 718 videtur.
1467 682 1634 717 Stratum

102 741 332 775 decumbens
358 752 434 775 non
460 741 608 774 cellulis
641 740 830 785 contiguis
858 742 896 774 et
922 740 1126 784 concretis,
1164 741 1231 774 sed
1266 740 1340 774 filis
1378 739 1540 774 invicem
1567 740 1636 773 sub

103 797 336 832 distantibus
363 797 578 832 dichotome
603 797 762 832 ramosis
788 800 827 831 et
852 797 1065 831 articulatis
1089 797 1252 832 invicem
1278 797 1514 840 intertextis,
1533 808 1637 831 ramo

103 855 212 889 unius
239 855 341 889 inter
367 865 490 889 ramos
518 855 676 888 alterius
707 854 948 895 introducto;
980 854 1063 888 aliis
1096 855 1245 889 filorum
1271 855 1385 889 ramis
1412 854 1637 888 decumben-

102 912 220 956 tibus,
246 912 330 945 aliis
357 910 540 945 arcuatim
567 911 902 946 adscendentibus
936 911 1034 946 Hinc
1060 914 1223 946 stratum
1241 911 1469 946 decumbens
1490 922 1638 945 sursum

103 968 147 1003 fit
173 968 315 1003 ambitu
342 968 405 1003 vix
432 968 645 1011 definitum,
673 971 711 1002 et
737 968 907 1003 sectione
941 968 1191 1003 transversali
1217 968 1362 1004 frondis
1388 965 1551 1002 alia'fila
1576 967 1638 1001 de-

104 1026 362 1062 cumbentium
389 1028 608 1060 transverse
636 1028 753 1070 secta,
780 1026 854 1060 alia
879 1026 1175 1071 longitudinalia
1205 1026 1308 1060 inter
1342 1028 1540 1071 segmenta
1564 1024 1639 1069 pri-

104 1096 210 1120 orum
235 1084 456 1119 inti'oducta
481 1084 680 1129 adparent,
707 1084 799 1128 quin
824 1084 939 1118 immo
965 1095 1112 1119 ramosa
1132 1087 1170 1118 et
1187 1084 1313 1119 forsan
1340 1082 1640 1118 anastomosibus

100 1142 244 1185 juncta.
295 1141 403 1176 Rami
440 1140 590 1176 filorum
623 1141 817 1186 superiore
844 1152 910 1175 sua
947 1144 1055 1186 parte
1093 1141 1213 1186 magis
1251 1141 1415 1175 invicem
1452 1139 1641 1185 paralleli,

105 1198 323 1233 dichotomo
348 1197 548 1243 fastigiati,
577 1200 738 1232 stratum
763 1198 944 1232 corticale
970 1198 1148 1232 efficiunt.
1197 1197 1360 1232 Articuli
1400 1197 1547 1232 filorum
1585 1195 1641 1230 in—

104 1256 265 1291 feriores
292 1256 370 1290 fere
398 1255 671 1300 clavaeformes,
697 1256 858 1290 materia
883 1257 1087 1301 granulosa
1112 1255 1237 1290 fai-cti.
1286 1255 1449 1289 Fructus
1475 1255 1643 1289 nondum

105 1313 316 1355 observati3
342 1312 486 1348 detecti
512 1313 639 1348 forsan
664 1324 784 1358 genus
813 1313 869 1346 sui
891 1313 988 1357 juris
1015 1313 1252 1348 indicabunt.

198 1373 336 1407 Forma
360 1371 505 1407 frondis
532 1382 552 1405 3
576 1370 751 1416 plurimis
777 1371 859 1405 haec
891 1371 1039 1405 facilius
1072 1371 1332 1416 dignoscatur.
1382 1369 1577 1414 Margines
1605 1369 1643 1404 in

107 1429 190 1465 aliis
219 1429 418 1475 speciebus
446 1431 510 1463 aut
528 1428 638 1472 recti,
658 1431 722 1462 aut
748 1429 887 1463 leviter
914 1440 1062 1462 sursum
1088 1426 1300 1469 recurvati3
1325 1427 1366 1461 in
1389 1427 1429 1462 P.
1456 1426 1646 1461 multifida

106 1479 318 1522 madefacta
340 1487 533 1532 margines
560 1489 598 1520 et
624 1486 881 1531 tangentiales
901 1489 939 1520 et
956 1485 1121 1520 radiales
1141 1488 1229 1519 sunt
1248 1485 1423 1519 deorsum
1441 1483 1644 1518 incurvati.

107 1545 289 1591 Paginam
315 1543 536 1578 inferiorem
575 1546 859 1589 segmentorum
888 1542 1116 1588 juvenilium
1140 1542 1262 1576 farina
1287 1542 1371 1576 alba
1395 1542 1645 1575 incrustatam

108 1602 203 1644 vidi,
230 1602 269 1635 in
296 1600 505 1646 segmentis
533 1600 785 1635 adultioribus
812 1600 894 1634 haee
918 1601 1003 1645 plus
1029 1599 1153 1633 minus
1188 1599 1356 1642 evanuit,
1387 1597 1528 1643 pagina
1552 1597 1645 1631 infe-

107 1659 209 1693 riore
234 1658 274 1693 in
298 1658 357 1692 his
385 1660 450 1692 aut
475 1658 667 1692 denudata
692 1660 757 1691 aut
782 1660 911 1691 crusta
936 1657 1102 1691 firmiore
1128 1656 1298 1690 calcarea
1321 1655 1406 1700 plus
1433 1654 1556 1688 minus
1582 1655 1645 1689 ob—

109 1716 223 1751 ducta
247 1715 303 1749 fit.
352 1715 473 1759 Major
498 1726 587 1761 pars
614 1716 756 1760 plantae
784 1715 934 1749 demum
960 1726 980 1748 3
1004 1714 1124 1748 fulcro
1151 1713 1275 1747 soluta
1300 1712 1464 1746 videtur.

201 1773 417 1818 Specimina
449 1784 562 1817 supra
599 1772 717 1807 allata
754 1771 969 1816 comparavi
996 1773 1035 1804 et
1061 1773 1290 1804 structuram
1317 1781 1337 1802 a
1362 1768 1402 1802 P.
1430 1766 1650 1811 Squamaria

113 1832 316 1866 admodum
355 1831 546 1865 diversam
581 1830 619 1864 in
646 1829 822 1865 omnibus
851 1828 943 1863 vidi.
993 1828 1031 1862 Si
1056 1839 1077 1862 a
1102 1827 1244 1873 pagina
1269 1826 1462 1871 specimen
1490 1826 1558 1860 sub
1582 1825 1650 1860 1111-

113 1888 310 1933 croscopio
336 1889 577 1932 observatur,
603 1887 715 1921 lineae
742 1887 828 1921 istae
854 1885 1078 1920 flabellatim
1104 1884 1314 1926 radiantes,
1342 1895 1423 1927 quae
1450 1882 1489 1916 in
1509 1882 1652 1926 specie-

112 1947 181 1981 bus
209 1945 444 1980 normalibus
471 1945 728 1989 Peyssoneliae
755 1944 810 1977 ita
836 1943 1051 1987 conspicuae
1079 1944 1180 1984 sunt,
1207 1940 1359 1975 omnino
1378 1940 1531 1983 desunt,
1552 1940 1649 1974 unde

113 2005 343 2038 structuram
382 2002 573 2036 diversam
612 2013 696 2035 esse
730 2001 806 2045 jam
845 2000 967 2044 primo
1004 1999 1149 2033 intuitu
1186 2007 1393 2042 agnoscere
1420 1996 1525 2040 licet,
1552 1997 1651 2040 quod

113 2061 421 2095 animadvertere
448 2059 575 2101 debui,
602 2071 715 2102 quum
742 2059 892 2102 IIa1⁴vey
919 2060 1149 2091 structuram
1177 2066 1261 2089 cum
1286 2054 1327 2088 P.
1355 2053 1570 2097 squamaria
1588 2054 1646 2088 '‘P.

114 2117 331 2162 squamosa”
358 2127 569 2162 congruere
596 2115 751 2149 dixerit.
786 2115 829 2148 In
855 2113 1027 2158 Specieb.
1054 2113 1236 2158 Algarum
1264 2114 1463 2154 utramque
1484 2110 1649 2155 speciem

115 2175 226 2219 hujus
253 2173 434 2208 sectionis
461 2173 507 2206 ad
532 2172 821 2206 Haematoeelim
846 2171 961 2205 retuli
988 2171 1035 2205 ob
1061 2173 1293 2204 structuram
1325 2169 1485 2212 frondis,
1510 2180 1570 2202 me
1591 2169 1650 2213 ju-

117 2231 214 2274 dice,
241 2242 262 2264 a
286 2229 571 2274 Peyssonneliae
600 2231 793 2263 structura
819 2228 979 2261 normali
999 2227 1200 2261 diversam.
1238 2226 1357 2270 Quum
1377 2237 1468 2259 vero
1487 2225 1650 2259 testibus

118 2289 216 2323 Celzs
256 2288 404 2322 Crouau
443 2287 720 2331 sphaerosporae
759 2284 956 2319 cruciatim
995 2284 1127 2318 divisae
1166 2283 1206 2317 in
1232 2295 1306 2317 una
1344 2282 1468 2328 specie
1509 2282 1650 2325 adsint,

116 2357 309 2380 assumere
336 2345 448 2379 debui
485 2347 683 2386 utramque
712 2354 733 2376 a
757 2341 1005 2376 Haematoceli
1041 2341 1227 2376 fructibus
1267 2340 1430 2374 differre.
1479 2340 1652 2374 Aliorum

116 2403 244 2446 itaque
270 2413 413 2437 rnorem
439 2413 592 2447 gerens,
620 2400 744 2445 potius
772 2411 882 2443 quam
907 2398 1062 2443 proprio
1087 2399 1207 2432 fretus
1232 2397 1389 2441 judicio,
1416 2397 1482 2431 has
1506 2396 1651 2441 species

119 2460 165 2493 ad
191 2458 475 2503 Peyssoneliam
500 2457 539 2492 in
565 2457 720 2502 propria
745 2455 913 2490 sectione
939 2454 1052 2489 hodie
1077 2453 1207 2488 retuli.

651 2573 819 2627 Species
849 2572 1124 2625 iussim-ends&

120 2672 242 2712 Pers.
274 2684 406 2711 MAJOR
440 2669 570 2710 Karza
605 2667 676 2720 Sp.
709 2670 747 2708 et
783 2666 865 2708 tab.
910 2664 1038 2717 Phgyc.
1090 2664 1177 2706 Vol.
1224 2663 1352 2705 XIX
1388 2663 1471 2704 tab.
1512 2663 1577 2703 88.
1608 2662 1654 2704 J.

239 2737 318 2790 Ag).
355 2737 426 2789 Sp.
453 2751 499 2789 p.
533 2737 624 2776 5053.
688 2735 722 2775 E
753 2735 869 2775 I'ort.
902 2733 1043 2773 Natal.

126 2807 168 2847 l'.
202 2819 423 2846 nurch'rA
458 2804 586 2845 Kc'ils.
623 2804 692 2855 Sp.
725 2806 763 2844 et
795 2802 877 2844 tab.
917 2800 1043 2853 Plzye.
1088 2800 1172 2841 Vol.
1209 2798 1337 2841 XIX
1378 2798 1459 2840 tab.
1498 2799 1562 2839 88.
1607 2797 1652 2840 J.

236 2874 317 2926 A9.
352 2872 424 2925 Sp.
447 2886 496 2924 2).
529 2872 622 2912 504.
685 2870 718 2911 E
751 2869 855 2911 Port
886 2868 1026 2910 Natal.
