1762 3036
163 116 216 157 80
810 115 1047 159 CFRAMOEAE.
1491 148 1493 151 <
1519 119 1692 163 Ptilota.

268 228 368 270 latis
400 228 802 273 callithamnioideis
834 231 1045 285 plurimis.
1087 231 1225 273 Harv.
1261 232 1389 286 Phyc.
1421 237 1557 275 amir.
1591 232 1690 287 Syn.

269 312 314 339 os:
370 299 464 340 (346.

285 313 294 340 2
318 311 339 340 O
420 367 486 408 Ad
517 366 682 408 Novam
712 366 991 410 Hollandiam
1023 369 1341 412 occidentalem.

245 446 420 481 Favellas
446 447 580 481 nucleo
605 448 701 481 bene
740 449 890 483 evoluto
927 461 1002 484 non
1040 449 1131 483 vidi.
1181 450 1270 494 Quae
1306 451 1465 486 favellas
1502 451 1694 486 nominavi

158 514 302 548 organa
327 505 505 537 constant
529 503 672 548 phyllis
699 505 1059 540 callithamnioideis
1085 506 1258 550 plurimis
1276 507 1458 551 incurvis,
1479 511 1693 542 extrorsum

155 560 369 603 ramulosis,
396 559 568 595 omnibus
596 561 706 596 simul
733 563 949 608 congeriem
976 563 1245 598 densissimum
1262 563 1411 598 filorum
1428 564 1691 600 formantibus.

160 642 222 682 17.
256 641 326 682 ΡΤ.
358 655 524 683 sTRrATA
556 643 714 694 (Ham).
748 644 845 697 Azy.
879 649 1013 687 ccustr.
1046 659 1133 687 exs.
1164 659 1234 688 wo
1272 647 1386 702 477.)
1424 646 1588 688 frondis
1620 647 1692 688 de-

271 712 720 765 composito-pinnatae
752 714 894 767 pinnis
916 715 958 756 in
981 715 1157 756 rachide
1179 716 1364 769 ancipite
1386 715 1577 767 alternis,
1599 717 1693 769 pin-

269 778 395 820 nellis
426 779 482 821 ad
513 782 674 834 apicem
710 797 846 836 usque
878 784 1108 835 corticatis,
1154 784 1436 825 exsiccatione
1481 784 1693 826 areolato-

267 847 582 890 collabentibus
614 850 789 903 striatis,
822 865 848 892 a
877 851 1030 894 latiore
1062 852 1156 894 basi
1187 852 1442 893 acuminatis
1463 852 1692 905 integerri-

267 916 360 967 mis,
392 916 668 960 inferioribus
698 918 911 961 levissime
952 921 1237 971 subrecurvis,
1270 919 1352 962 filis
1385 920 1693 975 sphaerospori-

266 983 369 1026 feris
400 986 578 1027 minutis
609 987 853 1030 articulatis
884 989 1096 1041 pinnatim
1135 989 1381 1043 compositis
1420 1003 1541 1031 secus
1578 1004 1693 1031 mar-

266 1054 385 1105 gines
415 1054 704 1107 pinnellarum
735 1057 1095 1109 provenientibus,
1119 1058 1439 1111 sphaerosporas
1471 1059 1594 1112 quasi
1616 1073 1692 1112 pe-

267 1121 494 1164 dicellatas
526 1123 581 1165 ab
613 1125 795 1166 articulo
826 1126 1043 1167 terminali
1082 1126 1381 1179 formantibus,
1427 1127 1593 1169 favellis
1638 1127 1694 1168 ad

267 1191 505 1244 marginem
536 1192 787 1234 interiorem
818 1193 931 1236 infra
962 1197 1127 1249 apicem
1159 1196 1338 1249 singulis
1361 1197 1581 1239 sessilibus
1603 1196 1694 1250 glo-

269 1259 396 1311 bosis,
429 1259 586 1315 phyllis
618 1261 954 1304 involucralibus
1000 1264 1243 1306 articulatis
1289 1264 1694 1307 callithamnioideis

267 1328 480 1381 plurimis.
514 1329 651 1371 Hem-v.
683 1327 812 1384 Phyc.
844 1336 979 1373 austr.
1011 1333 1093 1374 icc-Z).
1127 1335 1190 1375 71.

421 1398 487 1439 Ad
517 1398 682 1440 Novam
713 1399 990 1442 Hollandiam
1021 1401 1337 1445 occidentalem.

157 1525 228 1568 IV.
264 1524 420 1568 Pinnas
450 1526 632 1580 subvcme
664 1527 888 1580 dispositis
918 1528 1099 1570 alternis
1130 1532 1207 1570 aut
1237 1529 1536 1583 subopposafis,
1556 1531 1692 1584 majo-

270 1595 391 1637 ribus
420 1596 736 1649 Ήυίηονῖῦηείμιε
767 1598 858 1639 sine
888 1597 1035 1640 ordine
1079 1600 1302 1651 conspicuo
1338 1600 1695 1652 provenientibus.

159 1700 222 1742 18.
254 1700 324 1741 PT.
357 1700 660 1743 JEANNERETTH
690 1701 851 1755 (Ham).
900 1703 969 1745 Fl.
1018 1703 1163 1745 Tasm.
1208 1704 1276 1746 II.
1304 1718 1351 1757 p.
1388 1704 1502 1759 331.)
1545 1704 1696 1746 fronde

272 1782 378 1822 vage
409 1770 623 1823 pinnatim
653 1770 957 1824 decomposita,
989 1772 1131 1825 pinnis
1170 1771 1347 1814 alternis
1386 1773 1697 1826 suboppositis-

271 1852 368 1891 que,
400 1838 636 1891 majoribus
667 1838 991 1893 minoribusque
1023 1840 1112 1880 sine
1151 1840 1301 1882 ordine
1338 1841 1566 1895 conspicuo
1597 1855 1697 1895 pro-

272 1906 555 1957 venientibus,
587 1906 776 1960 pinnulis
809 1920 835 1948 a
864 1908 957 1949 basi
1003 1907 1158 1950 latiore
1204 1909 1436 1951 attenuatis
1482 1909 1696 1952 subulatis

271 1979 347 2016 aut
376 1974 645 2028 longioribus
677 1975 995 2019 sublinearibus
1026 1977 1258 2028 corticatis,
1298 1978 1476 2020 ramulis
1508 1978 1697 2032 sphaero-

272 2043 494 2097 sporiferis
526 2045 1057 2099 corymboso-paniculatis
1088 2047 1294 2088 interiore
1331 2047 1467 2090 latere
1497 2048 1696 2102 pinnula-

274 2127 371 2154 rum
411 2116 453 2154 et
497 2113 542 2154 in
587 2114 683 2155 sinu
729 2128 850 2155 secus
894 2114 1114 2156 rachidem
1161 2115 1330 2158 seriatis
1376 2117 1696 2171 sphaerosporas

271 2194 445 2235 sparsas
476 2181 589 2223 inter
618 2181 693 2223 fila
723 2182 955 2225 articulata
985 2184 1247 2235 gerentibus,
1270 2184 1435 2226 favellis
1456 2185 1695 2226 involucra-

274 2251 341 2300 tis,
373 2249 530 2304 phyllis
562 2250 897 2293 involucralibus
919 2251 1131 2305 pellucide
1153 2252 1393 2294 articulatis
1424 2253 1695 2306 monosipho-

271 2318 364 2358 niis.
402 2317 541 2359 Ham).
577 2317 705 2372 Physc.
737 2323 869 2361 aus-tr.
902 2319 983 2361 tab.
1018 2320 1108 2361 198.
1146 2320 1499 2374 Tlccmmocarfflcs
1535 2321 1696 2365 Ptz'lota

273 2385 407 2428 Hook.
438 2390 475 2428 et
505 2386 644 2429 Ham).
677 2385 1070 2441 Carpotlmwmz‘on?
1091 2389 1251 2441 ptz‘lota
1287 2390 1417 2432 Kzfcftz.

324 2454 390 2497 Ad
421 2455 694 2498 Tasmaniam
726 2460 769 2498 et
799 2470 896 2499 oras
927 2457 1140 2499 australes
1170 2457 1298 2501 Novae
1329 2458 1581 2502 Hollandiae.

589 2582 758 2636 Species
788 2584 929 2636 quoad
953 2597 1087 2637 glenus
1118 2585 1260 2627 dubia.

162 2688 224 2728 19.
256 2686 325 2727 PT.
371 2686 647 2728 HANNAFORDI
691 2686 851 2741 (Harv.
911 2686 1037 2741 lec’.
1085 2692 1218 2730 austr.
1266 2689 1349 2730 tab.
1396 2689 1509 2744 221.)
1555 2688 1694 2731 '’fron-

271 2754 324 2795 de
368 2755 495 2796 tereti
539 2754 729 2796 velutina
773 2769 880 2810 vage
923 2756 1184 2809 bipinnatim
1222 2770 1406 2807 ramosa,
1452 2758 1585 2798 ramis
1622 2758 1688 2798 in-

273 2823 513 2875 aequalibus
544 2822 722 2865 alternis
761 2824 901 2877 pinnis
932 2824 1121 2866 minimis
1153 2825 1395 2879 squarrosis
1427 2825 1690 2868 creberrime
