1757 3114
94 69 140 110 N
141 67 399 121 itophyllum.
711 66 1015 107 DELESSERIEAE.
1545 70 1625 109 449

90 180 136 204 *ss
171 180 339 222 Fronde
371 180 623 221 tenuissima
668 180 904 231 subsessilz',
949 182 1066 222 venis
1113 180 1454 235 superficialibus
1495 195 1625 234 usque

308 247 366 289 ad
399 248 584 290 lacinias
616 250 857 301 superiores
888 250 1145 291 continuatis
1178 251 1396 292 instructa.

90 366 126 405 4.
159 364 209 404 N.
243 364 604 405 BERGGRENIANUM
636 364 698 415 (J.
734 364 815 417 Ass.
848 369 990 417 mser.)
1038 364 1187 406 fronde
1233 365 1453 408 subsessili
1498 369 1624 407 tenue

200 432 542 476 membranacea.
567 433 683 473 venis
717 432 1061 486 superficialibus
1093 448 1229 487 usque
1260 435 1315 475 ad
1346 435 1523 476 lacinias
1555 448 1623 475 su-

201 501 390 553 periores
447 501 706 541 continuatis
767 514 983 553 percursa.
1042 501 1623 556 decomposito-pinnatifida,

203 569 367 609 laciniis
401 583 531 622 supra
563 570 709 610 basem
750 569 1043 622 angustiorem
1083 585 1180 612 mox
1213 571 1624 621 cuneato-dilatatis,

201 637 320 690 apice
353 637 505 678 obtuso
537 637 695 679 Iobatis
728 643 803 678 aut
833 638 875 678 in
909 638 1087 680 lacinias
1127 641 1399 693 angustiores
1437 640 1625 682 subline—

201 719 297 745 ares
329 705 565 758 productis.
605 705 882 747 inferioribus
914 720 940 746 a
971 707 1167 760 margine
1200 707 1267 748 hic
1300 709 1385 750 illic
1418 708 1625 762 appendi-

191 764 364 821 culatis.
398 775 506 815 soris
538 775 782 816 rotundatis
813 789 888 828 per
919 775 1098 817 lacinias
1133 777 1295 819 medias
1332 779 1504 831 sparsis.

282 855 387 896 Hab.
422 855 476 896 ad
509 870 606 896 oras
638 855 767 897 Novae
799 855 1025 898 Zelandiae.
1058 856 1352 912 (Berggrenl).

178 947 362 991 Caespites
389 947 526 980 minuti
554 948 845 992 1—2pollicares
872 948 1045 992 rosulati,
1073 948 1207 984 fronde
1235 949 1374 984 iterum
1411 950 1623 994 iterumque

91 1004 349 1048 decomposita
386 1005 839 1039 membranaceo-lubrica
858 1005 1072 1048 constituti,
1095 1006 1250 1040 sessiles
1272 1006 1403 1052 stipite
1422 1007 1624 1052 conspicuo

88 1061 204 1095 nullo.
262 1061 370 1096 Rami
407 1061 551 1096 frondis
593 1061 734 1106 singuli
774 1073 886 1106 supra
922 1066 1069 1106 partem
1107 1063 1325 1098 inferiorem
1364 1065 1624 1111 angustiorem

87 1118 198 1162 paulo
226 1119 347 1163 magis
376 1118 540 1159 dilatati,
569 1118 797 1162 pinnatifidi,
824 1118 920 1153 lobis
948 1131 1061 1163 supra
1097 1120 1221 1155 sinum
1257 1123 1502 1157 rotundatum
1528 1123 1624 1157 invi—

85 1185 164 1208 cem
192 1175 457 1219 superpositis,
486 1175 730 1209 inferioribus
756 1176 926 1221 margine
955 1177 1279 1221 subinaequalibus
1307 1180 1468 1224 sparsim
1493 1180 1624 1214 denta—

83 1231 132 1265 tis
159 1234 198 1265 et
223 1231 284 1265 hic
310 1232 390 1265 illic
416 1232 455 1265 in
483 1232 717 1276 appendices
744 1232 909 1267 minutos
935 1233 1145 1278 productiS‚
1166 1235 1426 1280 superioribus
1446 1237 1621 1271 cuneatis

84 1288 296 1332 lobatisque
324 1288 419 1323 lobis
449 1289 679 1323 rotundatis.
730 1289 810 1323 Scri
837 1301 905 1334 per
931 1290 1089 1325 lacinias
1126 1292 1271 1326 medias
1311 1293 1448 1338 sparsi,
1486 1294 1623 1338 majus-

84 1346 158 1379 culi
184 1349 222 1380 et
247 1346 456 1380 rotundati.
507 1346 621 1380 Venae
662 1346 860 1382 evidentes
894 1351 932 1381 at
959 1351 1106 1383 tenues.
1158 1349 1329 1385 Frondes
1356 1362 1457 1385 nunc
1483 1362 1622 1395 appen-

85 1402 221 1437 diculis
248 1403 564 1448 conglutinantur
592 1406 630 1437 et
655 1404 935 1448 praeparatione
960 1405 1109 1439 facilius
1136 1406 1407 1442 dilacerantur.

174 1460 363 1495 Frondem
383 1460 603 1494 inferiorem
622 1464 841 1495 transverse
858 1465 999 1496 sectam
1018 1464 1391 1499 monostromaticam
1412 1465 1626 1500 observavi.

85 1516 272 1551 Caeterum
300 1518 391 1551 duas
411 1518 548 1552 formas
570 1518 661 1562 vidi,
680 1530 770 1562 quas
792 1523 905 1553 aetate
924 1521 1117 1566 praecipue
1137 1521 1307 1557 diversas
1324 1523 1507 1567 judicavi.
1543 1523 1625 1558 Una

84 1574 220 1618 minor⁷
248 1586 362 1619 supra
387 1575 579 1620 praecipue
603 1576 807 1621 descripta,
827 1578 1282 1614 lillirico-membranacea.
1300 1584 1339 1615 et
1358 1581 1502 1616 chartae
1521 1584 1624 1615 arcte

85 1632 299 1666 adhaerens.
350 1632 468 1677 Hujus
497 1634 572 1668 lobi
607 1635 821 1679 superiores
860 1636 1086 1680 abbreviati,
1125 1637 1368 1673 inferioribus
1408 1639 1623 1674 evidentius

85 1689 450 1723 cuneato·dilatatis.
500 1691 634 1724 Altera
670 1691 789 1735 major
827 1703 944 1735 usque
982 1694 1209 1738 3pollicaris,
1237 1698 1275 1729 et
1300 1695 1387 1739 quia
1412 1696 1625 1741 elongatior

84 1746 231 1780 laciniis
272 1747 569 1792 angustioribus,
614 1749 872 1793 superioribus
917 1750 996 1784 fere
1034 1751 1241 1787 linearibus
1286 1754 1462 1798 praedita,
1500 1754 1622 1799 magis

83 1804 373 1838 membranacea
400 1808 438 1838 et
463 1805 605 1839 chartae
633 1805 756 1839 minus
785 1807 996 1841 adhaerens.
1033 1808 1115 1843 Sori
1133 1810 1268 1845 melius
1296 1811 1439 1846 evoluti
1466 1811 1623 1845 lacinias

84 1860 227 1893 medias
254 1864 454 1905 occupant⁷
480 1873 548 1905 per
575 1862 720 1896 discum
748 1864 884 1907 sparsi,
911 1876 1011 1898 nunc
1036 1865 1075 1898 in
1103 1866 1251 1901 laciniis
1280 1868 1538 1913 superioribus
1566 1879 1623 1902 se-

86 1928 149 1951 cus
177 1918 369 1962 margines
397 1930 544 1962 quoque
583 1919 848 1963 obvenientes,
890 1922 1110 1965 neutiquam
1138 1935 1226 1959 vero
1252 1925 1363 1959 modo
1390 1925 1434 1960 N.
1463 1925 1621 1959 lacerati

83 1984 190 2008 secus
216 1974 408 2020 margines
449 1975 591 2009 seriati.
642 1975 757 2010 Venae
799 1977 1058 2021 superficiales
1099 1979 1137 2014 in
1163 1984 1322 2024 utraque
1361 1981 1480 2016 forma
1516 1993 1622 2025 aeque

44 2046 47 2049 .
83 2031 343 2065 obvenientes
381 2031 609 2065 Cellularum
631 2033 926 2077 superficialium
947 2036 1064 2071 series
1083 2038 1184 2082 2—3‚
1204 2049 1286 2082 quae
1305 2038 1476 2084 margine
1496 2039 1622 2083 proxi-

83 2098 153 2121 mae
181 2092 282 2131 sunt,
310 2089 355 2123 ab
380 2088 634 2123 interioribus
662 2101 793 2134 parum
821 2091 1013 2127 differunt.
1064 2094 1191 2139 Ipsum
1219 2107 1308 2130 vero
1333 2096 1543 2141 marginem
1562 2108 1622 2130 oc-

85 2148 225 2189 cupant
251 2146 398 2179 cellulae
425 2146 545 2180 multo
572 2147 751 2191 minores,
779 2149 1009 2195 subcubicae‚
1042 2152 1152 2187 unica
1185 2152 1282 2187 serie
1309 2154 1519 2198 saepissime
1547 2154 1622 2188 dis-

85 2201 233 2244 positae.

85 2330 149 2352 *ἧς*
185 2331 353 2373 Fronde
382 2332 699 2375 membranacea
722 2335 955 2377 evidentius
986 2337 1196 2389 sbipz'tata,
1217 2351 1340 2378 nervo
1353 2337 1459 2390 plus
1480 2339 1621 2380 ‘nemus

198 2401 418 2451 conspicuo
450 2401 635 2452 stipitem
666 2401 827 2443 brevem
849 2408 1134 2455 percurrente,
1173 2418 1351 2457 superne
1390 2406 1618 2459 conformi-

198 2471 258 2509 ter
293 2467 498 2513 areolam.
530 2470 647 2509 venis
679 2471 1020 2524 superficialibus
1050 2474 1123 2514 vix
1154 2474 1375 2514 ‹dustrem-ta.

88 2581 125 2621 5.
157 2580 210 2623 N.
243 2582 480 2623 GRAYANUM
512 2582 579 2636 (J.
612 2583 693 2637 Ag).
725 2589 872 2641 mser.)
910 2588 1054 2641 stipite
1086 2592 1468 2640 cuneato—costatQ
1501 2594 1620 2631 costa

200 2664 333 2704 supra
364 2651 552 2703 stipitem
585 2652 627 2693 in
659 2667 811 2696 nervos
842 2655 988 2708 plures
1019 2670 1117 2698 mox
1149 2662 1449 2699 evanescentes
1470 2658 1618 2708 divisa,

199 2719 243 2759 in
273 2718 467 2759 frondem
490 2720 729 2762 coccineam
753 2722 1245 2776 oblongo-lanceolatam
1266 2726 1618 2779 integriusculam

200 2789 275 2826 aut
320 2787 490 2838 parcius
536 2787 783 2830 laciniatam
830 2791 1027 2841 abeunte,
1074 2793 1298 2845 superficie
1344 2794 1619 2837 conformiter

1440 2862 1483 2895 29
