1757 3114
79 185 394 229 Coezoclomssmn.
713 182 978 225 CHONDRIEAE.
1528 183 1601 224 (341

189 299 543 341 moniliformibus
591 298 933 351 simpliciusculis
979 301 1054 338 aut
1098 297 1365 347 dichotomis,
1416 298 1608 338 articulis

189 370 346 411 isthmo
379 368 683 421 angustissimo
716 367 951 420 conjunctis
983 367 1325 420 ovali-oblongis,
1360 366 1609 407 keramidiis

188 439 243 479 ad
274 439 416 492 apices
448 437 713 479 ramulorum
752 436 982 478 sessilibus.
1023 434 1300 489 Chylocladz'a
1336 435 1609 488 Opzmtioz'dcs

191 506 328 549 Harv.
366 507 522 548 Trans.
557 507 619 547 Ir.
652 505 787 547 Acad.
832 504 918 546 Vol.
952 505 1003 544 22
1017 519 1064 557 p.
1088 506 1179 545 556.
1213 503 1430 547 Chondria
1467 503 1609 555 Opun-

187 576 337 617 tzssoe‘des
369 574 505 617 Harv.
540 574 608 616 Fz.
647 574 850 626 Tasmp.
873 574 951 614 297
985 572 1173 614 tal›.1891
1208 572 1389 626 thslocl.
1427 572 1609 613 Tasme-

188 645 287 686 πίστι
321 644 459 686 Harv.
494 644 629 686 Lowd.
663 643 816 686 Jomvn.
850 643 949 684 III.
973 657 1019 695 2).
1052 643 1146 683 444.

300 713 402 754 Nov.
435 711 669 754 Hollandia
700 711 902 753 australis
935 716 977 753 et
1008 711 1294 753 occidentalis.

167 794 353 828 Catenezla
378 793 497 837 major
524 793 634 828 Soml.
662 793 747 837 Azy.
778 793 913 827 Preiss.
931 804 967 837 p.
988 793 1043 835 24,
1064 803 1145 835 quae
1167 796 1226 826 est
1244 789 1493 828 Rlzccbdom'a?
1518 791 1608 826 8099-

74 849 154 884 (Ieri
175 850 210 884 J.
238 851 308 894 Ay.
338 850 400 894 Sp.
424 861 464 894 p.
491 850 556 883 356
583 850 673 891 (non
703 850 884 894 Harvey),
912 861 993 883 cum
1014 849 1138 893 specie
1158 849 1379 892 Harveyana
1400 848 1610 891 aHarveyo

74 906 241 940 identica
267 907 543 940 consideratur.
595 906 808 951 Specimina
845 906 985 950 speciei
1019 905 1276 949 Sonderianze,
1305 917 1325 938 a
1349 917 1408 939 mc
1434 906 1527 948 visa,
1554 904 1609 937 ni-

72 963 187 996 mium
215 963 447 1007 incompleta
472 975 582 1007 quam
609 966 651 997 ut
677 967 821 997 certum
845 962 1029 1007 judicium
1056 963 1101 996 de
1120 962 1325 996 identitate
1343 962 1443 996 ferre
1462 962 1608 995 liceret.

72 1020 217 1054 Nomen
242 1020 390 1054 interea
414 1020 692 1064 Harveyanum,
718 1020 833 1054 nullis
860 1022 1036 1054 vexatum
1063 1019 1203 1063 dubiis,
1229 1018 1420 1063 adoptavi.

473 1114 515 1134 ἧς*
552 1113 722 1156 Fronde
753 1117 840 1155 tota
869 1113 1162 1155 subcontz'nua.

73 1207 110 1246 4.
144 1204 188 1246 C.
221 1219 503 1247 INGRASSATUM
534 1206 596 1258 (J.
629 1207 710 1258 Ay.
743 1207 888 1261 mser.)
934 1209 1107 1246 externe
1153 1204 1355 1246 continua
1395 1204 1609 1257 elongata,

187 1275 398 1327 pinnatim
430 1274 731 1327 decomposita,
762 1273 882 1314 caule
904 1274 1120 1326 ramisque
1152 1272 1461 1326 principalibus
1494 1286 1609 1312 cras-

188 1343 244 1383 sis
286 1343 490 1396 utrinque
536 1343 769 1383 attenuatis
816 1342 993 1391 obtusis,
1040 1341 1171 1382 ramis
1218 1355 1323 1395 vage
1355 1341 1609 1382 exeuntibus

187 1411 366 1464 singulis
398 1414 474 1452 aut
504 1425 602 1452 mox
648 1410 858 1464 plurimis,
891 1409 1129 1450 minoribus
1176 1410 1291 1450 circa
1329 1408 1607 1462 principalem

185 1479 470 1520 fasciculatim
501 1483 544 1520 et
575 1478 966 1520 subcollateraliter
998 1478 1266 1527 exeuntibus,
1299 1477 1477 1518 ramulis
1510 1476 1609 1517 sub-

187 1549 376 1599 clavatis,
423 1548 671 1589 keramidiis
720 1561 840 1588 secus
887 1548 1075 1588 ramulos
1121 1546 1339 1588 sessilibus
1371 1545 1610 1586 urceolato-

187 1618 376 1670 globosis
407 1618 597 1658 ramulos
627 1615 717 1658 fere
748 1616 976 1656 latitudine
999 1615 1316 1668 superantibus,
1341 1614 1610 1668 sphaerospo-

186 1687 245 1728 ris
276 1688 319 1728 in
351 1686 571 1739 superiore
602 1689 725 1739 parte
756 1686 1022 1726 ramulorum
1055 1684 1269 1738 plurimis.

300 1755 406 1796 Hab.
440 1754 495 1795 ad
527 1768 625 1796 oras
658 1754 689 1794 T
695 1754 897 1795 asmaniae
930 1753 1039 1794 D:na
1071 1752 1302 1794 Meredith!

162 1836 282 1870 Frons
311 1836 422 1879 elata,
449 1836 554 1869 caule
582 1847 701 1879 usque
727 1835 853 1880 pedali
881 1846 1042 1879 pennam
1069 1834 1307 1878 scriptoriam
1336 1844 1477 1875 crasso,
1498 1844 1612 1877 supra

72 1895 219 1937 partem
245 1892 465 1926 inferiorem
491 1892 753 1926 nudiusculam
780 1904 865 1926 mox
890 1903 1048 1925 ramosa.
1069 1891 1183 1924 ramis
1203 1890 1445 1924 inferioribus
1467 1889 1610 1933 simpli-

73 1950 249 1984 ciusculis
279 1953 342 1984 aut
369 1961 469 1994 saepe
494 1950 682 1994 pinnatim
709 1949 882 1992 ramosis,
910 1949 1047 1982 mediis
1067 1947 1306 1993 prolongatis
1327 1946 1610 1991 decmnpositis,

73 2008 260 2051 supremis
287 2007 426 2042 iterum
457 2007 768 2052 simplicioribus,
805 2006 978 2040 omnibus
1005 2017 1025 2039 a
1052 2006 1157 2040 caule
1194 2005 1383 2049 ramisque
1420 2000 1622 2039 continuis‘

73 2077 167 2110 vage
194 2065 437 2107 exeuntibus,
462 2064 573 2099 initio
612 2064 788 2109 singulis,
826 2075 913 2097 mox
950 2074 1151 2097 numerosa
1186 2063 1292 2106 prole
1331 2062 1431 2096 circa
1467 2073 1610 2095 ramum

72 2121 289 2166 primarium
318 2121 649 2166 provenientibus,
682 2120 1005 2154 subfasciculatim
1043 2120 1251 2165 congestis,
1289 2120 1402 2153 ramis
1441 2119 1611 2153 fasciculi

71 2178 173 2213 idem
198 2179 298 2212 latus
335 2179 451 2213 caulis
491 2178 762 2223 occupantibus
792 2179 876 2221 (nec
902 2177 1178 2221 verticillatis‘),
1217 2175 1300 2210 aliis
1340 2176 1609 2220 superpositis,

73 2235 157 2269 aliis
183 2236 282 2269 infra
306 2246 450 2269 ramum
475 2235 725 2280 principalem
751 2234 1064 2279 provenientibus
1093 2236 1157 2267 aut
1182 2232 1527 2267 subcollateralitcr
1546 2232 1609 2265 ad-

72 2291 311 2336 proximatis.
360 2292 509 2327 Ramuli
530 2292 719 2337 juveniles
748 2291 972 2335 subclavati,
1004 2291 1086 2326 basi
1125 2293 1319 2325 contracta
1357 2289 1610 2333 substipitati,

74 2350 179 2394 apice
204 2351 416 2385 incrassat-0
443 2350 586 2392 obtusi3
625 2350 833 2384 adultiores
872 2349 1300 2394 oblongo-cylindracei,
1328 2349 1372 2383 ad
1400 2351 1525 2382 ortum
1552 2358 1609 2381 ra·

73 2408 271 2442 mellorum
286 2407 506 2451 inaequales,
526 2407 632 2451 quasi
650 2407 789 2442 leviter
807 2407 1007 2450 contracti,
1025 2407 1184 2441 ramello
1203 2417 1223 2439 a
1242 2406 1326 2440 sinu
1345 2405 1608 2450 proveniente.

73 2463 292 2498 Keramidia
327 2464 367 2497 in
402 2463 558 2497 ramulis
597 2463 823 2498 densissime
871 2463 1024 2506 seriata,
1068 2462 1488 2497 rotundato-urceolam
1524 2472 1609 2504 per-

73 2531 223 2565 magna,
254 2520 440 2554 diametro
465 2521 651 2554 ramulum
678 2519 908 2566 superantia;
936 2520 1157 2553 fasciculum
1185 2518 1471 2563 gemmidiorum
1492 2519 1609 2563 pluri-

74 2589 219 2611 morum
245 2576 508 2621 pyriformium
533 2576 711 2611 foventia.
761 2577 911 2611 Ramuli
945 2575 1275 2620 sphaerosporiferi
1301 2575 1495 2610 sterilibus
1523 2577 1608 2610 sub-

74 2633 300 2677 conformes,
326 2645 457 2668 zonam
481 2633 716 2668 fructiferam
741 2633 851 2668 initio
878 2633 999 2678 inagis
1026 2633 1282 2676 terminalem,
1309 2632 1450 2666 sensim
1476 2644 1608 2667 versus

74 2691 239 2725 medium
265 2691 401 2724 ramuli
428 2690 723 2724 descendentem
760 2690 947 2725 foventes.
998 2688 1219 2724 Substantia
1255 2689 1421 2724 recentis
1448 2689 1609 2723 firmiter

74 2748 289 2793 gelatinosa
325 2748 438 2792 (Dma
473 2746 700 2792 Meredith);
742 2747 783 2781 in
820 2757 914 2790 aqua
951 2746 1051 2780 dulci
1089 2746 1305 2789 collabitur,
1344 2749 1382 2779 et
1419 2746 1609 2780 exsiccata

75 2806 216 2840 chartae
243 2805 456 2840 arctissime
483 2805 665 2840 adhaeret.
701 2805 938 2840 Structuram
963 2804 1063 2838 haud
1081 2805 1178 2838 bene
1204 2805 1407 2838 observare
1433 2803 1542 2837 licuit
1568 2803 1607 2837 in

74 2863 207 2907 planta
231 2862 443 2896 madefacta
468 2862 669 2908 {egerrime
708 2862 984 2902 reviviscente3
1022 2872 1105 2904 quae
1132 2859 1332 2894 observavi
1358 2859 1527 2893 indicare
1554 2859 1607 2893 vi-

75 2921 215 2954 dentur
241 2923 472 2955 structuram
497 2931 580 2953 cum
606 2918 795 2963 prioribus
815 2918 1034 2962 convenire,
1052 2928 1121 2951 ncc
1141 2915 1422 2961 Corynecladiai
1443 2915 1607 2959 speciem
