1757 3114
73 129 328 172 Plocamion.
635 130 1018 170 RHODYMENIACEAE.
1521 129 1597 168 :347

178 242 535 285 monstrantibus.
568 242 614 285 J.
646 242 729 296 Aa.
766 242 838 296 Sp.
869 256 918 295 p.
965 242 1057 282 401.
1108 241 1436 294 lecmmophom
1482 241 1601 282 Iller-

179 313 306 354 tcnsiz'
337 311 474 353 Harv.
508 311 533 352 l.
565 326 595 352 c.
632 311 747 354 Ploc.
762 324 985 365 procerum
1017 325 1106 352 var.
1141 310 1368 353 Mertensa'i
1399 309 1536 352 Hem-v.

330 380 397 421 Ad
428 379 592 422 Novam
623 380 912 422 Hollandiam.

65 487 132 526 21.
164 485 233 526 PL.
266 497 479 525 PROOERUM
509 478 582 537 (J.⁴
609 483 690 536 Ay.
725 483 864 537 Symb.
891 497 934 536 2).
959 484 1030 537 10)
1061 482 1213 524 fronde
1235 482 1390 525 lineari
1412 485 1604 524 ecostata

176 553 607 607 pectinato-pinnata,
639 553 782 606 pinnis
813 552 980 593 alterne
1012 552 1205 604 geminis,
1252 551 1454 593 inferiore
1501 551 1601 592 sim-

177 621 279 675 plici
307 620 561 674 laciniisque
593 621 826 674 superioris
858 633 883 661 a
914 620 1008 662 basi
1049 619 1204 661 latiore
1244 619 1500 660 acuminatis
1533 633 1602 660 su-

177 689 339 732 bulatis
371 689 757 743 subintegerrimis‚
789 687 1076 742 sporophyllis
1108 688 1151 728 in
1183 687 1315 729 axilla
1336 687 1602 729 fasciculatis

177 759 522 813 simpliciuscuhs
553 758 970 812 leguminifermibus
1002 772 1027 798 a
1047 757 1184 799 latere
1207 761 1386 799 arcuato
1410 757 1602 810 sphaero-

180 842 331 881 speras
363 827 548 880 simplici
580 828 690 868 serie
728 826 925 880 longiori,
958 839 983 866 a
1013 825 1121 866 facie
1167 824 1329 878 duplici
1374 825 1604 878 dispositas

177 896 536 938 monstrantibus.
568 895 613 938 J.
647 896 729 948 Agl.
767 894 838 948 Sp.
861 909 908 948 p.
940 895 1040 946 4003
1077 895 1206 936 Kz'itz.
1230 894 1312 935 tab.
1340 893 1469 947 Phyc.
1515 893 1602 935 Vol.

185 964 312 1007 XVI
337 965 420 1006 tab.
455 965 527 1015 543
563 964 699 1005 Hccrv.
736 963 864 1017 Phyle.
896 966 1030 1005 ansts.
1063 963 1144 1004 tal).
1168 963 1260 1003 2:23.
1283 962 1408 1016 (excl.
1431 962 1602 1017 variet.)

328 1033 394 1074 Ad
426 1032 528 1075 Nov.
562 1032 850 1074 Hollandiam.

154 1113 289 1149 Utrum
316 1114 398 1148 haec
424 1115 468 1149 ab
497 1113 814 1148 antecedentibus
841 1112 968 1158 specie
994 1113 1147 1147 diversa
1179 1112 1243 1157 sit,
1276 1124 1323 1146 an
1348 1124 1478 1148 omnes
1505 1112 1602 1157 ejus-

64 1172 150 1206 dem
176 1171 317 1217 speciei
342 1171 473 1206 formae
500 1171 693 1206 variantes
721 1171 1008 1205 considerandae
1037 1171 1128 1214 sint,
1154 1170 1282 1205 forsan
1308 1170 1429 1204 adhuc
1448 1169 1601 1204 dubium

63 1230 250 1264 videatur.
300 1229 394 1263 Mihi
421 1229 520 1263 haud
546 1232 692 1263 certum
718 1239 847 1263 omnes
876 1229 1006 1263 eodem
1033 1228 1143 1262 modo
1162 1227 1360 1262 crescendi
1379 1227 1603 1267 convenire:

63 1287 167 1322 Ploc.
194 1297 395 1332 procerum
421 1286 629 1329 robustius,
649 1297 669 1319 a
686 1285 812 1319 radice
831 1284 970 1320 fibrosa
989 1285 1186 1330 stipitibus
1207 1285 1435 1328 quibusdam
1461 1284 1603 1328 princi—

64 1346 213 1390 palibus
241 1345 491 1384 adscendere;
519 1344 619 1378 Ploc.
638 1343 839 1378 Mertensii
859 1344 980 1389 magis
1009 1343 1243 1388 elongatum,
1271 1342 1469 1386 stipitibus
1498 1342 1601 1376 elon-

65 1402 165 1447 gatis
193 1402 367 1447 plurimis
396 1401 703 1444 vittaeformibus,
741 1403 780 1434 at
815 1400 988 1444 reliquiis
1027 1400 1229 1445 pinnarum
1267 1400 1509 1444 delapsarum
1547 1399 1603 1432 in-

64 1460 238 1504 structis,
265 1463 439 1494 ornatum
465 1459 557 1494 vidi.
608 1458 803 1493 Praeterea
829 1458 867 1492 in
894 1458 950 1492 Pl.
978 1458 1138 1492 dilatato
1165 1457 1406 1491 characteres
1434 1457 1605 1501 ejusdem

62 1520 210 1552 naturae
238 1517 378 1551 adsunt
404 1528 446 1550 ac
472 1517 510 1550 in
537 1516 868 1559 antecedentibus,
896 1516 935 1549 in
961 1516 1030 1549 hoc
1058 1527 1147 1550 vero
1174 1526 1258 1549 cuin
1284 1514 1368 1548 aliis
1396 1514 1602 1558 conjuncti,

63 1574 229 1620 speciem
256 1577 359 1608 certe
387 1574 577 1608 diversam
607 1574 782 1618 probant.
831 1573 930 1607 Hinc
969 1573 1096 1607 forsan
1134 1572 1435 1607 concludendum
1473 1584 1602 1606 omnes

60 1643 198 1667 revera
225 1632 396 1666 diversas
423 1631 571 1676 speeies
600 1631 752 1665 sistere.

65 1726 127 1766 11.
159 1724 228 1765 PL.
260 1738 494 1765 DILATATUM
525 1723 588 1776 (J.
623 1723 702 1777 Ay.
723 1725 870 1779 mser.)
892 1722 1044 1764 fronde
1067 1721 1299 1763 latiuscula
1328 1721 1604 1763 subecostata

175 1797 221 1834 at
252 1792 391 1834 medio
424 1792 750 1834 subincrassata
787 1791 1218 1845 pectinato-pinnata,
1256 1790 1399 1843 pinnis
1437 1790 1604 1831 alterne

175 1861 370 1916 geminis,
416 1861 620 1902 inferiore
666 1860 918 1914 laciniisque
966 1860 1200 1913 superioris
1247 1872 1273 1899 a
1311 1858 1406 1900 basi
1451 1857 1605 1899 latiore

177 1929 413 1970 attenuatis
444 1929 685 1970 latiuseulis
726 1932 902 1970 externe
940 1927 1197 1982 profundius
1230 1926 1421 1977 serratis,
1455 1940 1604 1979 sporo-

178 1997 337 2051 phyllis
368 1997 412 2038 in
442 1996 574 2038 axilla
605 1997 868 2038 fasciculatis
890 1995 1235 2050 simpliciusculis
1257 1995 1599 2037 clavato-oblon-

178 2067 256 2120 gis,
288 2066 497 2119 pedicello
530 2066 666 2108 sterili
697 2065 794 2119 plus
825 2065 957 2119 duplo
989 2065 1274 2107 crassioribus
1306 2063 1465 2117 duplici
1489 2065 1599 2105 serie

180 2136 502 2190 sphaerosporas
524 2135 879 2177 monstrantibus.
916 2135 983 2177 Pl.
1006 2134 1290 2177 corallorlciffl
1313 2132 1435 2175 Amet.
1458 2134 1601 2187 quoad

180 2219 291 2259 spec.
323 2219 345 2246 e
376 2204 495 2246 Nova
526 2204 758 2246 Zelandia?

232 2273 341 2316 Hab.
375 2273 430 2314 ad
462 2287 559 2315 oras
591 2272 720 2315 Novae
752 2273 967 2314 Zelandiae
1000 2277 1042 2314 et
1073 2272 1329 2314 Tasmaniae.

153 2352 384 2387 Plocaniium
409 2354 596 2386 costatum
621 2352 862 2397 potissimum
887 2352 1007 2386 refert
1033 2355 1071 2386 et
1097 2353 1165 2387 sub
1199 2351 1350 2386 nemine
1383 2350 1438 2385 Pl.
1467 2350 1606 2385 costati

60 2411 188 2445 forsan
214 2410 464 2455 divulgatum,
484 2411 523 2443 at
541 2410 689 2444 abunde
715 2410 921 2444 diversum.
955 2410 999 2444 In
1025 2409 1080 2444 Pl.
1108 2409 1268 2443 dilatato
1296 2411 1385 2442 sunt
1411 2411 1601 2452 cystocar-

61 2469 125 2513 pia
150 2466 537 2513 stipitata‚stipitibus
556 2467 595 2501 in
614 2468 730 2501 axilla
748 2468 1000 2508 fasciculatis;
1028 2468 1173 2512 species
1193 2468 1311 2513 igitur
1330 2467 1376 2500 ad
1396 2466 1605 2500 sectionem

63 2525 363 2569 Thamnophorae
390 2524 571 2568 pertinet.
621 2525 871 2569 Sporophylla
895 2545 939 2549 ——
958 2537 1039 2569 quae
1067 2525 1105 2558 in
1134 2522 1191 2558 Pl.
1226 2526 1372 2558 costato
1400 2535 1488 2557 vcro
1516 2527 1606 2558 sunt

61 2582 102 2616 111
137 2581 316 2616 fruticulo
354 2580 504 2614 axillari
549 2581 1115 2627 decomposite—subdichotomo
1161 2582 1243 2626 ipsa
1288 2580 1333 2614 ad
1379 2579 1604 2614 divisionem

62 2651 194 2685 prona,
220 2642 396 2673 truncata
422 2642 486 2672 aut
510 2638 669 2683 furcata,
696 2640 912 2674 differentia
937 2639 1039 2673 inter
1065 2642 1211 2684 partem
1232 2638 1403 2672 sterilem
1425 2638 1605 2682 0135111111·-

65 2697 288 2742 sporiferam
313 2696 438 2730 minus
465 2696 665 2741 conspicua
697 2718 746 2741 —‚
774 2701 863 2731 sunt
889 2697 927 2731 in
953 2697 1008 2731 Pl.
1030 2697 1190 2731 dilatato
1208 2697 1286 2730 fere
1309 2696 1606 2741 sinipliciuscula

63 2758 102 2789 et
127 2755 276 2788 demum
300 2764 521 2798 permagna,
549 2754 700 2799 singula
724 2755 803 2789 fere
830 2756 930 2789 nudo
958 2755 1065 2789 oculo
1091 2754 1377 2799 distinguenda,
1403 2753 1603 2798 pedicellis

63 2813 183 2846 multo
220 2810 457 2846 tenuioribus
490 2822 511 2843 a
542 2810 719 2845 fruticulo
758 2812 882 2846 sterili
920 2823 1053 2856 parum
1091 2811 1238 2845 elevato
1275 2810 1604 2855 provenientibus.

64 2870 186 2904 Frons
211 2868 338 2913 potius
365 2879 503 2911 anceps
532 2870 570 2902 et
594 2867 633 2901 111
671 2868 795 2902 medio
832 2868 1058 2911 incrassata,
1097 2879 1209 2912 quam
1247 2867 1405 2902 definite
1443 2871 1605 2910 costata3
