<?xml version="1.0" encoding="UTF-8"?>
<!DOCTYPE html PUBLIC "-//W3C//DTD XHTML 1.0 Transitional//EN"
    "http://www.w3.org/TR/xhtml1/DTD/xhtml1-transitional.dtd">
<html xmlns="http://www.w3.org/1999/xhtml" xml:lang="en" lang="en">
 <head>
  <title>
</title>
<meta http-equiv="Content-Type" content="text/html;charset=utf-8" />
  <meta name='ocr-system' content='tesseract 3.04.00' />
  <meta name='ocr-capabilities' content='ocr_page ocr_carea ocr_par ocr_line ocrx_word'/>
</head>
<body>
  <div class='ocr_page' id='page_1' title='image "./speciesgeneraeto0301agar_0081.png"; bbox 0 0 1762 3036; ppageno 0'>
   <div class='ocr_carea' id='block_1_1' title="bbox 81 113 1614 183">
    <p class='ocr_par' dir='ltr' id='par_1_1' title="bbox 81 113 1614 183">
     <span class='ocr_line' id='line_1_1' title="bbox 81 113 1614 183; baseline -0.012 -12"><span class='ocrx_word' id='word_1_1' title='bbox 81 126 344 183; x_wconf 31' lang='lat' dir='ltr'>Grreffithsia.</span> <span class='ocrx_word' id='word_1_2' title='bbox 723 115 962 159; x_wconf 77' lang='lat' dir='ltr'><strong>CERAMIEAE.</strong></span> <span class='ocrx_word' id='word_1_3' title='bbox 1561 113 1614 154; x_wconf 84' lang='grc'>65</span> 
     </span>
    </p>
   </div>
   <div class='ocr_carea' id='block_1_2' title="bbox 73 225 1624 1023">
    <p class='ocr_par' dir='ltr' id='par_1_2' title="bbox 73 225 1617 397">
     <span class='ocr_line' id='line_1_2' title="bbox 167 225 1615 284; baseline -0.011 -10"><span class='ocrx_word' id='word_1_4' title='bbox 167 237 381 284; x_wconf 87' lang='lat' dir='ltr'>Specimina</span> <span class='ocrx_word' id='word_1_5' title='bbox 398 248 418 270; x_wconf 88' lang='lat' dir='ltr'>a</span> <span class='ocrx_word' id='word_1_6' title='bbox 435 233 642 270; x_wconf 84' lang='lat' dir='ltr'>Zanardini</span> <span class='ocrx_word' id='word_1_7' title='bbox 660 232 812 277; x_wconf 85' lang='lat' dir='ltr'>depicta</span> <span class='ocrx_word' id='word_1_8' title='bbox 830 233 919 265; x_wconf 89' lang='lat' dir='ltr'>sunt</span> <span class='ocrx_word' id='word_1_9' title='bbox 935 228 1156 271; x_wconf 88' lang='lat' dir='ltr'>Atlanticis,</span> <span class='ocrx_word' id='word_1_10' title='bbox 1183 238 1265 271; x_wconf 72' lang='lat' dir='ltr'>quae</span> <span class='ocrx_word' id='word_1_11' title='bbox 1284 225 1377 270; x_wconf 85' lang='lat' dir='ltr'>vidi,</span> <span class='ocrx_word' id='word_1_12' title='bbox 1394 226 1515 260; x_wconf 88' lang='lat' dir='ltr'>multo</span> <span class='ocrx_word' id='word_1_13' title='bbox 1539 237 1615 259; x_wconf 85' lang='lat' dir='ltr'>ma-</span> 
     </span>
     <span class='ocr_line' id='line_1_3' title="bbox 73 284 1617 342; baseline -0.009 -11"><span class='ocrx_word' id='word_1_14' title='bbox 73 298 170 342; x_wconf 76' lang='lat' dir='ltr'>jora,</span> <span class='ocrx_word' id='word_1_15' title='bbox 196 293 460 341; x_wconf 74' lang='lat' dir='ltr'>magnitudine</span> <span class='ocrx_word' id='word_1_16' title='bbox 487 292 550 327; x_wconf 87' lang='lat' dir='ltr'>Gr.</span> <span class='ocrx_word' id='word_1_17' title='bbox 578 296 744 335; x_wconf 82' lang='lat' dir='ltr'>tenuem,</span> <span class='ocrx_word' id='word_1_18' title='bbox 770 289 808 323; x_wconf 87' lang='lat' dir='ltr'>in</span> <span class='ocrx_word' id='word_1_19' title='bbox 837 299 908 332; x_wconf 87' lang='lat' dir='ltr'>qua</span> <span class='ocrx_word' id='word_1_20' title='bbox 934 298 1081 331; x_wconf 86' lang='lat' dir='ltr'>quoque</span> <span class='ocrx_word' id='word_1_21' title='bbox 1107 285 1175 330; x_wconf 89' lang='lat' dir='ltr'>pili</span> <span class='ocrx_word' id='word_1_22' title='bbox 1201 284 1428 321; x_wconf 82' lang='lat' dir='ltr'>verticillati</span> <span class='ocrx_word' id='word_1_23' title='bbox 1463 284 1617 328; x_wconf 83' lang='lat' dir='ltr'>adsunt,</span> 
     </span>
     <span class='ocr_line' id='line_1_4' title="bbox 79 350 451 397; baseline -0.013 -9"><span class='ocrx_word' id='word_1_24' title='bbox 79 353 192 388; x_wconf 87' lang='lat' dir='ltr'>immo</span> <span class='ocrx_word' id='word_1_25' title='bbox 219 350 451 397; x_wconf 75' lang='lat' dir='ltr'>superantia.</span> 
     </span>
    </p>

    <p class='ocr_par' dir='ltr' id='par_1_3' title="bbox 80 409 1624 1023">
     <span class='ocr_line' id='line_1_5' title="bbox 80 409 1619 474; baseline -0.008 -10"><span class='ocrx_word' id='word_1_26' title='bbox 80 424 117 464; x_wconf 79' lang='lat'>8.</span> <span class='ocrx_word' id='word_1_27' title='bbox 150 422 226 464; x_wconf 70' lang='lat' dir='ltr'>GR.</span> <span class='ocrx_word' id='word_1_28' title='bbox 257 434 513 462; x_wconf 69' lang='lat' dir='ltr'>THYRSIGERA</span> <span class='ocrx_word' id='word_1_29' title='bbox 559 418 703 474; x_wconf 75' lang='lat' dir='ltr'><em>(Thw.</em></span> <span class='ocrx_word' id='word_1_30' title='bbox 736 430 802 469; x_wconf 72' lang='lat' dir='ltr'>ap.</span> <span class='ocrx_word' id='word_1_31' title='bbox 835 415 987 458; x_wconf 70' lang='lat' dir='ltr'>Harv..</span> <span class='ocrx_word' id='word_1_32' title='bbox 1019 415 1066 456; x_wconf 71' lang='lat' dir='ltr'>in</span> <span class='ocrx_word' id='word_1_33' title='bbox 1101 414 1259 455; x_wconf 72' lang='lat' dir='ltr'>Trans.</span> <span class='ocrx_word' id='word_1_34' title='bbox 1301 411 1434 454; x_wconf 70' lang='lat' dir='ltr'>Irish.</span> <span class='ocrx_word' id='word_1_35' title='bbox 1481 409 1619 452; x_wconf 75' lang='lat' dir='ltr'>Acad.</span> 
     </span>
     <span class='ocr_line' id='line_1_6' title="bbox 205 480 1619 541; baseline -0.009 -8"><span class='ocrx_word' id='word_1_36' title='bbox 205 490 293 533; x_wconf 79' lang='lat' dir='ltr'><em>Vol.</em></span> <span class='ocrx_word' id='word_1_37' title='bbox 331 489 498 531; x_wconf 88' lang='lat' dir='ltr'><strong><em>XXII.</em></strong></span> <span class='ocrx_word' id='word_1_38' title='bbox 531 502 601 530; x_wconf 70' lang='lat' dir='ltr'>nso</span> <span class='ocrx_word' id='word_1_39' title='bbox 632 487 745 541; x_wconf 73' lang='lat'>291.)</span> <span class='ocrx_word' id='word_1_40' title='bbox 782 499 936 539; x_wconf 87' lang='lat' dir='ltr'>repens</span> <span class='ocrx_word' id='word_1_41' title='bbox 974 483 1126 525; x_wconf 89' lang='lat' dir='ltr'>fronde</span> <span class='ocrx_word' id='word_1_42' title='bbox 1164 482 1329 524; x_wconf 88' lang='lat' dir='ltr'>inferne</span> <span class='ocrx_word' id='word_1_43' title='bbox 1361 480 1619 531; x_wconf 87' lang='lat' dir='ltr'>dichotoma,</span> 
     </span>
     <span class='ocr_line' id='line_1_7' title="bbox 192 548 1621 612; baseline -0.008 -12"><span class='ocrx_word' id='word_1_44' title='bbox 192 572 377 612; x_wconf 90' lang='lat' dir='ltr'>superne</span> <span class='ocrx_word' id='word_1_45' title='bbox 418 555 684 598; x_wconf 84' lang='lat' dir='ltr'>subsecunde</span> <span class='ocrx_word' id='word_1_46' title='bbox 729 566 911 604; x_wconf 82' lang='lat' dir='ltr'>ramosa,</span> <span class='ocrx_word' id='word_1_47' title='bbox 954 552 1086 593; x_wconf 83' lang='lat' dir='ltr'>ramis</span> <span class='ocrx_word' id='word_1_48' title='bbox 1133 551 1393 605; x_wconf 85' lang='lat' dir='ltr'>patentibus,</span> <span class='ocrx_word' id='word_1_49' title='bbox 1426 548 1621 591; x_wconf 72' lang='lat' dir='ltr'>articulis</span> 
     </span>
     <span class='ocr_line' id='line_1_8' title="bbox 190 617 1621 681; baseline -0.006 -13"><span class='ocrx_word' id='word_1_50' title='bbox 190 626 486 681; x_wconf 85' lang='lat' dir='ltr'>cylindraceis,</span> <span class='ocrx_word' id='word_1_51' title='bbox 519 625 730 666; x_wconf 86' lang='lat' dir='ltr'>diametro</span> <span class='ocrx_word' id='word_1_52' title='bbox 763 620 948 675; x_wconf 77' lang='lat' dir='ltr'>4-6p10</span> <span class='ocrx_word' id='word_1_53' title='bbox 979 620 1260 674; x_wconf 74' lang='lat' dir='ltr'>longioribus,</span> <span class='ocrx_word' id='word_1_54' title='bbox 1295 618 1507 673; x_wconf 79' lang='lat' dir='ltr'>supremis</span> <span class='ocrx_word' id='word_1_55' title='bbox 1537 617 1621 659; x_wconf 88' lang='lat' dir='ltr'>fer-</span> 
     </span>
     <span class='ocr_line' id='line_1_9' title="bbox 191 687 1622 741; baseline -0.006 -5"><span class='ocrx_word' id='word_1_56' title='bbox 191 695 339 737; x_wconf 83' lang='lat' dir='ltr'>tilibus</span> <span class='ocrx_word' id='word_1_57' title='bbox 372 694 660 736; x_wconf 83' lang='lat' dir='ltr'>conformibus</span> <span class='ocrx_word' id='word_1_58' title='bbox 692 692 809 732; x_wconf 85' lang='lat' dir='ltr'>intra</span> <span class='ocrx_word' id='word_1_59' title='bbox 839 689 1108 732; x_wconf 88' lang='lat' dir='ltr'>involucrum</span> <span class='ocrx_word' id='word_1_60' title='bbox 1130 687 1244 730; x_wconf 86' lang='lat' dir='ltr'>infra</span> <span class='ocrx_word' id='word_1_61' title='bbox 1264 688 1464 741; x_wconf 82' lang='lat' dir='ltr'>genicula</span> <span class='ocrx_word' id='word_1_62' title='bbox 1492 687 1622 729; x_wconf 86' lang='lat' dir='ltr'>verti-</span> 
     </span>
     <span class='ocr_line' id='line_1_10' title="bbox 192 756 1623 815; baseline -0.006 -10"><span class='ocrx_word' id='word_1_63' title='bbox 192 763 400 815; x_wconf 86' lang='lat' dir='ltr'>cillatum,</span> <span class='ocrx_word' id='word_1_64' title='bbox 432 763 606 804; x_wconf 88' lang='lat' dir='ltr'>demum</span> <span class='ocrx_word' id='word_1_65' title='bbox 638 758 816 811; x_wconf 87' lang='lat' dir='ltr'>nullum,</span> <span class='ocrx_word' id='word_1_66' title='bbox 856 759 1178 813; x_wconf 79' lang='lat' dir='ltr'>spliaerosporas</span> <span class='ocrx_word' id='word_1_67' title='bbox 1210 770 1463 799; x_wconf 86' lang='lat' dir='ltr'>numerosas</span> <span class='ocrx_word' id='word_1_68' title='bbox 1493 756 1623 798; x_wconf 87' lang='lat' dir='ltr'>verti-</span> 
     </span>
     <span class='ocr_line' id='line_1_11' title="bbox 193 824 1623 884; baseline -0.006 -11"><span class='ocrx_word' id='word_1_69' title='bbox 193 831 376 883; x_wconf 85' lang='lat' dir='ltr'>cillatas,</span> <span class='ocrx_word' id='word_1_70' title='bbox 408 829 629 884; x_wconf 87' lang='lat' dir='ltr'>pedicellis</span> <span class='ocrx_word' id='word_1_71' title='bbox 660 828 859 870; x_wconf 87' lang='lat' dir='ltr'>brevibus</span> <span class='ocrx_word' id='word_1_72' title='bbox 891 827 1157 870; x_wconf 88' lang='lat' dir='ltr'>subramosis</span> <span class='ocrx_word' id='word_1_73' title='bbox 1179 826 1328 869; x_wconf 82' lang='lat' dir='ltr'>affixas</span> <span class='ocrx_word' id='word_1_74' title='bbox 1351 824 1623 879; x_wconf 78' lang='lat' dir='ltr'>gerentibus3</span> 
     </span>
     <span class='ocr_line' id='line_1_12' title="bbox 192 894 1624 949; baseline -0.004 -7"><span class='ocrx_word' id='word_1_75' title='bbox 192 900 359 942; x_wconf 86' lang='lat' dir='ltr'>favellis</span> <span class='ocrx_word' id='word_1_76' title='bbox 389 900 433 941; x_wconf 92' lang='lat' dir='ltr'>in</span> <span class='ocrx_word' id='word_1_77' title='bbox 463 898 631 941; x_wconf 89' lang='lat' dir='ltr'>ramulo</span> <span class='ocrx_word' id='word_1_78' title='bbox 662 897 971 939; x_wconf 78' lang='lat' dir='ltr'>terminalibus.</span> <span class='ocrx_word' id='word_1_79' title='bbox 1005 895 1143 938; x_wconf 71' lang='grc' dir='ltr'><em>Ηανυ.</em></span> <span class='ocrx_word' id='word_1_80' title='bbox 1176 895 1200 937; x_wconf 79' lang='lat' dir='ltr'>l.</span> <span class='ocrx_word' id='word_1_81' title='bbox 1222 910 1254 938; x_wconf 72' lang='lat' dir='ltr'>e.</span> <span class='ocrx_word' id='word_1_82' title='bbox 1277 899 1315 938; x_wconf 73' lang='lat' dir='ltr'>et</span> <span class='ocrx_word' id='word_1_83' title='bbox 1336 894 1467 949; x_wconf 57' lang='lat' dir='ltr'>Phyle.</span> <span class='ocrx_word' id='word_1_84' title='bbox 1490 898 1624 936; x_wconf 56' lang='lat' dir='ltr'>(castr.</span> 
     </span>
     <span class='ocr_line' id='line_1_13' title="bbox 200 969 526 1023; baseline -0.012 -10"><span class='ocrx_word' id='word_1_85' title='bbox 200 969 300 1023; x_wconf 68' lang='lat' dir='ltr'><strong><em>Syn.</em></strong></span> <span class='ocrx_word' id='word_1_86' title='bbox 331 983 402 1011; x_wconf 70' lang='lat' dir='ltr'>nso</span> <span class='ocrx_word' id='word_1_87' title='bbox 433 969 526 1010; x_wconf 84' lang='lat'><strong>705.</strong></span> 
     </span>
    </p>
   </div>
   <div class='ocr_carea' id='block_1_3' title="bbox 251 1033 1514 1092">
    <p class='ocr_par' dir='ltr' id='par_1_4' title="bbox 251 1033 1514 1092">
     <span class='ocr_line' id='line_1_14' title="bbox 251 1033 1514 1092; baseline -0.004 -13"><span class='ocrx_word' id='word_1_88' title='bbox 251 1037 319 1079; x_wconf 89' lang='lat' dir='ltr'>Ad</span> <span class='ocrx_word' id='word_1_89' title='bbox 349 1036 577 1092; x_wconf 84' lang='lat' dir='ltr'>Ceylonam</span> <span class='ocrx_word' id='word_1_90' title='bbox 611 1040 654 1078; x_wconf 88' lang='lat' dir='ltr'>et</span> <span class='ocrx_word' id='word_1_91' title='bbox 684 1035 849 1077; x_wconf 88' lang='lat' dir='ltr'>Novam</span> <span class='ocrx_word' id='word_1_92' title='bbox 880 1034 1161 1077; x_wconf 85' lang='lat' dir='ltr'>Hollandiam</span> <span class='ocrx_word' id='word_1_93' title='bbox 1193 1033 1514 1078; x_wconf 86' lang='lat' dir='ltr'>occidentalem.</span> 
     </span>
    </p>
   </div>
   <div class='ocr_carea' id='block_1_4' title="bbox 81 1115 1630 1439">
    <p class='ocr_par' dir='ltr' id='par_1_5' title="bbox 81 1115 1630 1439">
     <span class='ocr_line' id='line_1_15' title="bbox 174 1115 1623 1161; baseline -0.003 -7"><span class='ocrx_word' id='word_1_94' title='bbox 174 1120 378 1154; x_wconf 88' lang='lat' dir='ltr'>Crescendi</span> <span class='ocrx_word' id='word_1_95' title='bbox 397 1119 509 1154; x_wconf 88' lang='lat' dir='ltr'>modo</span> <span class='ocrx_word' id='word_1_96' title='bbox 527 1122 566 1153; x_wconf 88' lang='lat' dir='ltr'>et</span> <span class='ocrx_word' id='word_1_97' title='bbox 590 1117 865 1152; x_wconf 87' lang='lat' dir='ltr'>ramificatione</span> <span class='ocrx_word' id='word_1_98' title='bbox 892 1117 956 1151; x_wconf 88' lang='lat' dir='ltr'>Gr.</span> <span class='ocrx_word' id='word_1_99' title='bbox 983 1116 1312 1161; x_wconf 77' lang='lat' dir='ltr'>phyllamphoram</span> <span class='ocrx_word' id='word_1_100' title='bbox 1338 1116 1479 1157; x_wconf 79' lang='lat' dir='ltr'>refert3</span> <span class='ocrx_word' id='word_1_101' title='bbox 1517 1115 1623 1150; x_wconf 87' lang='lat' dir='ltr'>invo-</span> 
     </span>
     <span class='ocr_line' id='line_1_16' title="bbox 81 1172 1627 1220; baseline -0.003 -10"><span class='ocrx_word' id='word_1_102' title='bbox 81 1176 198 1210; x_wconf 87' lang='lat' dir='ltr'>lucris</span> <span class='ocrx_word' id='word_1_103' title='bbox 226 1179 284 1210; x_wconf 91' lang='lat' dir='ltr'>est</span> <span class='ocrx_word' id='word_1_104' title='bbox 309 1175 373 1210; x_wconf 85' lang='lat' dir='ltr'>Gr.</span> <span class='ocrx_word' id='word_1_105' title='bbox 400 1176 569 1210; x_wconf 79' lang='lat' dir='ltr'>barbatae</span> <span class='ocrx_word' id='word_1_106' title='bbox 595 1174 780 1220; x_wconf 82' lang='lat' dir='ltr'>proxima.</span> <span class='ocrx_word' id='word_1_107' title='bbox 832 1174 1019 1209; x_wconf 75' lang='lat' dir='ltr'>Constant</span> <span class='ocrx_word' id='word_1_108' title='bbox 1044 1173 1224 1208; x_wconf 89' lang='lat' dir='ltr'>nimirum</span> <span class='ocrx_word' id='word_1_109' title='bbox 1249 1173 1331 1208; x_wconf 81' lang='lat' dir='ltr'>haec</span> <span class='ocrx_word' id='word_1_110' title='bbox 1356 1172 1446 1218; x_wconf 85' lang='lat' dir='ltr'>pilis</span> <span class='ocrx_word' id='word_1_111' title='bbox 1474 1173 1627 1218; x_wconf 82' lang='lat' dir='ltr'>elonga-</span> 
     </span>
     <span class='ocr_line' id='line_1_17' title="bbox 84 1230 1630 1277; baseline -0.001 -11"><span class='ocrx_word' id='word_1_112' title='bbox 84 1232 134 1267; x_wconf 89' lang='lat' dir='ltr'>tis</span> <span class='ocrx_word' id='word_1_113' title='bbox 162 1233 441 1277; x_wconf 87' lang='lat' dir='ltr'>arachnoideis,</span> <span class='ocrx_word' id='word_1_114' title='bbox 466 1232 566 1267; x_wconf 87' lang='lat' dir='ltr'>infra</span> <span class='ocrx_word' id='word_1_115' title='bbox 592 1232 804 1267; x_wconf 83' lang='lat' dir='ltr'>verticillos</span> <span class='ocrx_word' id='word_1_116' title='bbox 845 1243 1040 1276; x_wconf 89' lang='lat' dir='ltr'>supremos</span> <span class='ocrx_word' id='word_1_117' title='bbox 1078 1230 1203 1276; x_wconf 86' lang='lat' dir='ltr'>thyrsi</span> <span class='ocrx_word' id='word_1_118' title='bbox 1235 1232 1457 1276; x_wconf 77' lang='lat' dir='ltr'>conspicua3</span> <span class='ocrx_word' id='word_1_119' title='bbox 1495 1234 1534 1265; x_wconf 90' lang='lat' dir='ltr'>at</span> <span class='ocrx_word' id='word_1_120' title='bbox 1570 1242 1630 1265; x_wconf 81' lang='lat' dir='ltr'>ca-</span> 
     </span>
     <span class='ocr_line' id='line_1_18' title="bbox 85 1288 1630 1335; baseline 0 -12"><span class='ocrx_word' id='word_1_121' title='bbox 85 1290 194 1334; x_wconf 85' lang='lat' dir='ltr'>duca,</span> <span class='ocrx_word' id='word_1_122' title='bbox 220 1293 262 1324; x_wconf 89' lang='lat' dir='ltr'>ut</span> <span class='ocrx_word' id='word_1_123' title='bbox 287 1293 458 1335; x_wconf 87' lang='lat' dir='ltr'>apparet,</span> <span class='ocrx_word' id='word_1_124' title='bbox 486 1289 585 1324; x_wconf 88' lang='lat' dir='ltr'>unde</span> <span class='ocrx_word' id='word_1_125' title='bbox 604 1289 796 1324; x_wconf 87' lang='lat' dir='ltr'>verticilla</span> <span class='ocrx_word' id='word_1_126' title='bbox 821 1288 1004 1324; x_wconf 87' lang='lat' dir='ltr'>inferiora</span> <span class='ocrx_word' id='word_1_127' title='bbox 1028 1288 1129 1322; x_wconf 88' lang='lat' dir='ltr'>nuda</span> <span class='ocrx_word' id='word_1_128' title='bbox 1155 1288 1334 1323; x_wconf 85' lang='lat' dir='ltr'>evadunt.</span> <span class='ocrx_word' id='word_1_129' title='bbox 1385 1288 1630 1333; x_wconf 63' lang='lat' dir='ltr'>Sphzerospo-</span> 
     </span>
     <span class='ocr_line' id='line_1_19' title="bbox 84 1346 1630 1392; baseline -0.001 -11"><span class='ocrx_word' id='word_1_130' title='bbox 84 1358 137 1381; x_wconf 75' lang='lat' dir='ltr'>rae</span> <span class='ocrx_word' id='word_1_131' title='bbox 163 1346 331 1382; x_wconf 84' lang='lat' dir='ltr'>ramellis</span> <span class='ocrx_word' id='word_1_132' title='bbox 370 1346 535 1392; x_wconf 84' lang='lat' dir='ltr'>propriis</span> <span class='ocrx_word' id='word_1_133' title='bbox 572 1347 810 1382; x_wconf 83' lang='lat' dir='ltr'>brevissimis</span> <span class='ocrx_word' id='word_1_134' title='bbox 850 1346 1135 1381; x_wconf 86' lang='lat' dir='ltr'>bi-tri-furcatis</span> <span class='ocrx_word' id='word_1_135' title='bbox 1173 1346 1359 1391; x_wconf 86' lang='lat' dir='ltr'>insident,</span> <span class='ocrx_word' id='word_1_136' title='bbox 1398 1346 1630 1380; x_wconf 85' lang='lat' dir='ltr'>verticillum</span> 
     </span>
     <span class='ocr_line' id='line_1_20' title="bbox 85 1404 774 1439; baseline 0 -1"><span class='ocrx_word' id='word_1_137' title='bbox 85 1404 332 1438; x_wconf 77' lang='lat' dir='ltr'>circumcirca</span> <span class='ocrx_word' id='word_1_138' title='bbox 357 1404 527 1438; x_wconf 86' lang='lat' dir='ltr'>clausum</span> <span class='ocrx_word' id='word_1_139' title='bbox 552 1404 774 1439; x_wconf 82' lang='lat' dir='ltr'>formantes.</span> 
     </span>
    </p>
   </div>
   <div class='ocr_carea' id='block_1_5' title="bbox 86 1474 1635 2009">
    <p class='ocr_par' dir='ltr' id='par_1_6' title="bbox 86 1474 1635 1940">
     <span class='ocr_line' id='line_1_21' title="bbox 86 1474 1631 1530; baseline -0.001 -14"><span class='ocrx_word' id='word_1_140' title='bbox 86 1476 124 1516; x_wconf 76' lang='grc'>9.</span> <span class='ocrx_word' id='word_1_141' title='bbox 155 1474 230 1516; x_wconf 66' lang='lat' dir='ltr'>GR.</span> <span class='ocrx_word' id='word_1_142' title='bbox 263 1488 450 1516; x_wconf 76' lang='lat' dir='ltr'>SECUNDA</span> <span class='ocrx_word' id='word_1_143' title='bbox 481 1474 637 1527; x_wconf 77' lang='lat' dir='ltr'>(Harv.</span> <span class='ocrx_word' id='word_1_144' title='bbox 670 1475 816 1530; x_wconf 74' lang='lat' dir='ltr'>mser.)</span> <span class='ocrx_word' id='word_1_145' title='bbox 855 1487 1009 1527; x_wconf 90' lang='lat' dir='ltr'>repens</span> <span class='ocrx_word' id='word_1_146' title='bbox 1049 1478 1219 1516; x_wconf 84' lang='lat' dir='ltr'>setacea</span> <span class='ocrx_word' id='word_1_147' title='bbox 1255 1474 1388 1515; x_wconf 83' lang='lat' dir='ltr'>ramis</span> <span class='ocrx_word' id='word_1_148' title='bbox 1427 1474 1631 1515; x_wconf 91' lang='lat' dir='ltr'>erectius-</span> 
     </span>
     <span class='ocr_line' id='line_1_22' title="bbox 200 1542 1633 1597; baseline -0.001 -12"><span class='ocrx_word' id='word_1_149' title='bbox 200 1542 395 1585; x_wconf 86' lang='lat' dir='ltr'>tiusculis</span> <span class='ocrx_word' id='word_1_150' title='bbox 418 1543 684 1584; x_wconf 87' lang='lat' dir='ltr'>subsecunde</span> <span class='ocrx_word' id='word_1_151' title='bbox 704 1543 898 1594; x_wconf 84' lang='lat' dir='ltr'>ramosis,</span> <span class='ocrx_word' id='word_1_152' title='bbox 921 1543 1042 1597; x_wconf 85' lang='lat' dir='ltr'>apice</span> <span class='ocrx_word' id='word_1_153' title='bbox 1063 1543 1179 1585; x_wconf 88' lang='lat' dir='ltr'>nudo</span> <span class='ocrx_word' id='word_1_154' title='bbox 1202 1543 1429 1596; x_wconf 85' lang='lat' dir='ltr'>superatis,</span> <span class='ocrx_word' id='word_1_155' title='bbox 1453 1542 1633 1584; x_wconf 86' lang='lat' dir='ltr'>ramulis</span> 
     </span>
     <span class='ocr_line' id='line_1_23' title="bbox 201 1611 1634 1666; baseline -0.001 -13"><span class='ocrx_word' id='word_1_156' title='bbox 201 1612 460 1665; x_wconf 75' lang='lat' dir='ltr'>patentibus,</span> <span class='ocrx_word' id='word_1_157' title='bbox 493 1611 687 1653; x_wconf 86' lang='lat' dir='ltr'>articulis</span> <span class='ocrx_word' id='word_1_158' title='bbox 720 1611 1003 1666; x_wconf 82' lang='lat' dir='ltr'>cylindraceis</span> <span class='ocrx_word' id='word_1_159' title='bbox 1035 1612 1245 1653; x_wconf 87' lang='lat' dir='ltr'>diametro</span> <span class='ocrx_word' id='word_1_160' title='bbox 1278 1612 1397 1665; x_wconf 73' lang='lat' dir='ltr'>4-plo</span> <span class='ocrx_word' id='word_1_161' title='bbox 1428 1611 1634 1664; x_wconf 81' lang='lat' dir='ltr'>longiori-</span> 
     </span>
     <span class='ocr_line' id='line_1_24' title="bbox 201 1679 1634 1734; baseline 0 -14"><span class='ocrx_word' id='word_1_162' title='bbox 201 1683 293 1732; x_wconf 85' lang='lat' dir='ltr'>bus,</span> <span class='ocrx_word' id='word_1_163' title='bbox 340 1680 552 1734; x_wconf 86' lang='lat' dir='ltr'>supremis</span> <span class='ocrx_word' id='word_1_164' title='bbox 598 1680 810 1721; x_wconf 83' lang='lat' dir='ltr'>fertilibus</span> <span class='ocrx_word' id='word_1_165' title='bbox 858 1679 1160 1731; x_wconf 81' lang='lat' dir='ltr'>conformibus,</span> <span class='ocrx_word' id='word_1_166' title='bbox 1208 1680 1323 1721; x_wconf 87' lang='lat' dir='ltr'>intra</span> <span class='ocrx_word' id='word_1_167' title='bbox 1352 1680 1634 1732; x_wconf 87' lang='lat' dir='ltr'>involucrum,</span> 
     </span>
     <span class='ocr_line' id='line_1_25' title="bbox 208 1748 1634 1802; baseline -0.001 -12"><span class='ocrx_word' id='word_1_168' title='bbox 208 1749 382 1790; x_wconf 81' lang='lat' dir='ltr'>deinum</span> <span class='ocrx_word' id='word_1_169' title='bbox 411 1749 590 1801; x_wconf 88' lang='lat' dir='ltr'>nullum,</span> <span class='ocrx_word' id='word_1_170' title='bbox 612 1748 937 1802; x_wconf 81' lang='lat' dir='ltr'>spliaerosporas</span> <span class='ocrx_word' id='word_1_171' title='bbox 958 1762 1209 1790; x_wconf 87' lang='lat' dir='ltr'>numerosas</span> <span class='ocrx_word' id='word_1_172' title='bbox 1233 1749 1289 1789; x_wconf 91' lang='lat' dir='ltr'>ad</span> <span class='ocrx_word' id='word_1_173' title='bbox 1311 1748 1517 1790; x_wconf 81' lang='lat' dir='ltr'>articulos</span> <span class='ocrx_word' id='word_1_174' title='bbox 1539 1748 1634 1802; x_wconf 89' lang='lat' dir='ltr'>plu-</span> 
     </span>
     <span class='ocr_line' id='line_1_26' title="bbox 204 1816 1635 1871; baseline 0 -13"><span class='ocrx_word' id='word_1_175' title='bbox 204 1830 274 1858; x_wconf 85' lang='lat' dir='ltr'>res</span> <span class='ocrx_word' id='word_1_176' title='bbox 305 1817 598 1868; x_wconf 87' lang='lat' dir='ltr'>verticillatas,</span> <span class='ocrx_word' id='word_1_177' title='bbox 630 1816 851 1871; x_wconf 85' lang='lat' dir='ltr'>pedicellis</span> <span class='ocrx_word' id='word_1_178' title='bbox 885 1817 1083 1859; x_wconf 87' lang='lat' dir='ltr'>brevibus</span> <span class='ocrx_word' id='word_1_179' title='bbox 1109 1817 1291 1859; x_wconf 87' lang='lat' dir='ltr'>ramosis</span> <span class='ocrx_word' id='word_1_180' title='bbox 1313 1817 1462 1860; x_wconf 83' lang='lat' dir='ltr'>affixas</span> <span class='ocrx_word' id='word_1_181' title='bbox 1484 1831 1635 1871; x_wconf 76' lang='lat' dir='ltr'>geren-</span> 
     </span>
     <span class='ocr_line' id='line_1_27' title="bbox 205 1886 800 1940; baseline 0.003 -14"><span class='ocrx_word' id='word_1_182' title='bbox 205 1886 331 1928; x_wconf 85' lang='lat' dir='ltr'>tibus.</span> <span class='ocrx_word' id='word_1_183' title='bbox 362 1886 408 1929; x_wconf 88' lang='lat' dir='ltr'>J.</span> <span class='ocrx_word' id='word_1_184' title='bbox 439 1886 521 1940; x_wconf 72' lang='lat' dir='ltr'>Ay.</span> <span class='ocrx_word' id='word_1_185' title='bbox 557 1886 630 1939; x_wconf 69' lang='lat' dir='ltr'>Sp.</span> <span class='ocrx_word' id='word_1_186' title='bbox 653 1900 702 1940; x_wconf 72' lang='lat'>10.</span> <span class='ocrx_word' id='word_1_187' title='bbox 735 1887 800 1928; x_wconf 77' lang='lat'>85.</span> 
     </span>
    </p>

    <p class='ocr_par' dir='ltr' id='par_1_7' title="bbox 359 1952 781 2009">
     <span class='ocr_line' id='line_1_28' title="bbox 359 1952 781 2009; baseline 0.002 -14"><span class='ocrx_word' id='word_1_188' title='bbox 359 1954 426 1996; x_wconf 93' lang='lat' dir='ltr'>Ad</span> <span class='ocrx_word' id='word_1_189' title='bbox 457 1952 559 2008; x_wconf 87' lang='lat' dir='ltr'>Cap.</span> <span class='ocrx_word' id='word_1_190' title='bbox 592 1954 638 1996; x_wconf 84' lang='lat' dir='ltr'>B.</span> <span class='ocrx_word' id='word_1_191' title='bbox 670 1954 781 2009; x_wconf 80' lang='lat' dir='ltr'>Spei.</span> 
     </span>
    </p>
   </div>
   <div class='ocr_carea' id='block_1_6' title="bbox 94 2033 1641 2483">
    <p class='ocr_par' dir='ltr' id='par_1_8' title="bbox 94 2033 1641 2483">
     <span class='ocr_line' id='line_1_29' title="bbox 184 2033 1638 2081; baseline 0.001 -13"><span class='ocrx_word' id='word_1_192' title='bbox 184 2033 376 2069; x_wconf 87' lang='lat' dir='ltr'>Involucri</span> <span class='ocrx_word' id='word_1_193' title='bbox 401 2034 508 2068; x_wconf 88' lang='lat' dir='ltr'>nulla</span> <span class='ocrx_word' id='word_1_194' title='bbox 534 2034 687 2070; x_wconf 88' lang='lat' dir='ltr'>omnino</span> <span class='ocrx_word' id='word_1_195' title='bbox 712 2035 879 2081; x_wconf 82' lang='lat' dir='ltr'>vestigia</span> <span class='ocrx_word' id='word_1_196' title='bbox 902 2035 941 2070; x_wconf 89' lang='lat' dir='ltr'>in</span> <span class='ocrx_word' id='word_1_197' title='bbox 967 2035 1036 2070; x_wconf 87' lang='lat' dir='ltr'>hac</span> <span class='ocrx_word' id='word_1_198' title='bbox 1062 2035 1154 2079; x_wconf 90' lang='lat' dir='ltr'>vidi,</span> <span class='ocrx_word' id='word_1_199' title='bbox 1182 2036 1249 2070; x_wconf 90' lang='lat' dir='ltr'>sed</span> <span class='ocrx_word' id='word_1_200' title='bbox 1266 2035 1394 2071; x_wconf 86' lang='lat' dir='ltr'>forsan</span> <span class='ocrx_word' id='word_1_201' title='bbox 1412 2035 1638 2070; x_wconf 82' lang='lat' dir='ltr'>concludere</span> 
     </span>
     <span class='ocr_line' id='line_1_30' title="bbox 94 2090 1639 2137; baseline 0.003 -14"><span class='ocrx_word' id='word_1_202' title='bbox 94 2090 187 2124; x_wconf 87' lang='lat' dir='ltr'>licet</span> <span class='ocrx_word' id='word_1_203' title='bbox 212 2090 408 2126; x_wconf 86' lang='lat' dir='ltr'>involucra</span> <span class='ocrx_word' id='word_1_204' title='bbox 431 2091 471 2126; x_wconf 88' lang='lat' dir='ltr'>in</span> <span class='ocrx_word' id='word_1_205' title='bbox 497 2091 568 2125; x_wconf 90' lang='lat' dir='ltr'>hac</span> <span class='ocrx_word' id='word_1_206' title='bbox 593 2094 635 2126; x_wconf 91' lang='lat' dir='ltr'>ut</span> <span class='ocrx_word' id='word_1_207' title='bbox 660 2091 700 2126; x_wconf 87' lang='lat' dir='ltr'>in</span> <span class='ocrx_word' id='word_1_208' title='bbox 725 2093 969 2137; x_wconf 72' lang='lat' dir='ltr'>praecedente</span> <span class='ocrx_word' id='word_1_209' title='bbox 997 2104 1080 2127; x_wconf 89' lang='lat' dir='ltr'>esse</span> <span class='ocrx_word' id='word_1_210' title='bbox 1106 2093 1260 2136; x_wconf 85' lang='lat' dir='ltr'>caduca,</span> <span class='ocrx_word' id='word_1_211' title='bbox 1279 2093 1379 2127; x_wconf 89' lang='lat' dir='ltr'>unde</span> <span class='ocrx_word' id='word_1_212' title='bbox 1398 2092 1639 2137; x_wconf 79' lang='lat' dir='ltr'>sphaerospo-</span> 
     </span>
     <span class='ocr_line' id='line_1_31' title="bbox 95 2147 1639 2195; baseline 0.001 -14"><span class='ocrx_word' id='word_1_213' title='bbox 95 2147 147 2182; x_wconf 87' lang='lat' dir='ltr'>ris</span> <span class='ocrx_word' id='word_1_214' title='bbox 176 2147 335 2182; x_wconf 89' lang='lat' dir='ltr'>maturis</span> <span class='ocrx_word' id='word_1_215' title='bbox 376 2149 480 2182; x_wconf 88' lang='lat' dir='ltr'>nulla</span> <span class='ocrx_word' id='word_1_216' title='bbox 505 2149 703 2194; x_wconf 84' lang='lat' dir='ltr'>adparent.</span> <span class='ocrx_word' id='word_1_217' title='bbox 754 2149 1045 2195; x_wconf 80' lang='lat' dir='ltr'>Sphaerosporas</span> <span class='ocrx_word' id='word_1_218' title='bbox 1082 2150 1184 2194; x_wconf 88' lang='lat' dir='ltr'>ipsas</span> <span class='ocrx_word' id='word_1_219' title='bbox 1223 2150 1269 2184; x_wconf 81' lang='lat' dir='ltr'>ad</span> <span class='ocrx_word' id='word_1_220' title='bbox 1300 2161 1468 2185; x_wconf 87' lang='lat' dir='ltr'>normam</span> <span class='ocrx_word' id='word_1_221' title='bbox 1496 2160 1639 2194; x_wconf 75' lang='lat' dir='ltr'>praece-</span> 
     </span>
     <span class='ocr_line' id='line_1_32' title="bbox 98 2202 1640 2251; baseline 0.002 -14"><span class='ocrx_word' id='word_1_222' title='bbox 98 2203 225 2238; x_wconf 84' lang='lat' dir='ltr'>dentis</span> <span class='ocrx_word' id='word_1_223' title='bbox 264 2203 405 2249; x_wconf 87' lang='lat' dir='ltr'>speciei</span> <span class='ocrx_word' id='word_1_224' title='bbox 442 2202 817 2251; x_wconf 42' lang='lat' dir='ltr'>dispositas‘videre</span> <span class='ocrx_word' id='word_1_225' title='bbox 855 2207 1012 2251; x_wconf 89' lang='lat' dir='ltr'>credidi,</span> <span class='ocrx_word' id='word_1_226' title='bbox 1052 2210 1091 2241; x_wconf 87' lang='lat' dir='ltr'>at</span> <span class='ocrx_word' id='word_1_227' title='bbox 1126 2207 1165 2241; x_wconf 91' lang='lat' dir='ltr'>in</span> <span class='ocrx_word' id='word_1_228' title='bbox 1202 2207 1345 2242; x_wconf 85' lang='lat' dir='ltr'>nostris</span> <span class='ocrx_word' id='word_1_229' title='bbox 1381 2207 1437 2242; x_wconf 92' lang='lat' dir='ltr'>ita</span> <span class='ocrx_word' id='word_1_230' title='bbox 1471 2210 1640 2242; x_wconf 82' lang='lat' dir='ltr'>maturas</span> 
     </span>
     <span class='ocr_line' id='line_1_33' title="bbox 98 2260 1639 2309; baseline 0.003 -15"><span class='ocrx_word' id='word_1_231' title='bbox 98 2263 154 2305; x_wconf 88' lang='lat' dir='ltr'>ut,</span> <span class='ocrx_word' id='word_1_232' title='bbox 181 2260 443 2306; x_wconf 83' lang='lat' dir='ltr'>dispositionis</span> <span class='ocrx_word' id='word_1_233' title='bbox 470 2274 601 2298; x_wconf 84' lang='lat' dir='ltr'>norma</span> <span class='ocrx_word' id='word_1_234' title='bbox 626 2263 749 2298; x_wconf 89' lang='lat' dir='ltr'>minus</span> <span class='ocrx_word' id='word_1_235' title='bbox 776 2264 994 2309; x_wconf 89' lang='lat' dir='ltr'>conspicua,</span> <span class='ocrx_word' id='word_1_236' title='bbox 1021 2264 1122 2299; x_wconf 88' lang='lat' dir='ltr'>circa</span> <span class='ocrx_word' id='word_1_237' title='bbox 1151 2265 1333 2300; x_wconf 88' lang='lat' dir='ltr'>articulos</span> <span class='ocrx_word' id='word_1_238' title='bbox 1359 2264 1439 2299; x_wconf 89' lang='lat' dir='ltr'>fere</span> <span class='ocrx_word' id='word_1_239' title='bbox 1463 2265 1504 2299; x_wconf 92' lang='lat' dir='ltr'>in</span> <span class='ocrx_word' id='word_1_240' title='bbox 1529 2266 1639 2300; x_wconf 90' lang='lat' dir='ltr'>orbes</span> 
     </span>
     <span class='ocr_line' id='line_1_34' title="bbox 98 2319 1641 2368; baseline 0.003 -15"><span class='ocrx_word' id='word_1_241' title='bbox 98 2319 343 2364; x_wconf 83' lang='lat' dir='ltr'>conglobatas</span> <span class='ocrx_word' id='word_1_242' title='bbox 370 2321 558 2356; x_wconf 86' lang='lat' dir='ltr'>crederes.</span> <span class='ocrx_word' id='word_1_243' title='bbox 607 2321 802 2356; x_wconf 87' lang='lat' dir='ltr'>Verticilli</span> <span class='ocrx_word' id='word_1_244' title='bbox 825 2323 955 2367; x_wconf 88' lang='lat' dir='ltr'>plures</span> <span class='ocrx_word' id='word_1_245' title='bbox 983 2323 1101 2358; x_wconf 85' lang='lat' dir='ltr'>dense</span> <span class='ocrx_word' id='word_1_246' title='bbox 1128 2322 1381 2368; x_wconf 80' lang='lat' dir='ltr'>adproximati</span> <span class='ocrx_word' id='word_1_247' title='bbox 1412 2323 1520 2367; x_wconf 89' lang='lat' dir='ltr'>quasi</span> <span class='ocrx_word' id='word_1_248' title='bbox 1539 2323 1641 2367; x_wconf 87' lang='lat' dir='ltr'>capi-</span> 
     </span>
     <span class='ocr_line' id='line_1_35' title="bbox 98 2376 1640 2422; baseline 0.002 -12"><span class='ocrx_word' id='word_1_249' title='bbox 98 2376 178 2411; x_wconf 88' lang='lat' dir='ltr'>tulo</span> <span class='ocrx_word' id='word_1_250' title='bbox 204 2377 367 2422; x_wconf 87' lang='lat' dir='ltr'>oblongo</span> <span class='ocrx_word' id='word_1_251' title='bbox 392 2389 515 2413; x_wconf 88' lang='lat' dir='ltr'>ramos</span> <span class='ocrx_word' id='word_1_252' title='bbox 540 2379 687 2415; x_wconf 85' lang='lat' dir='ltr'>fertiles</span> <span class='ocrx_word' id='word_1_253' title='bbox 715 2383 911 2415; x_wconf 84' lang='lat' dir='ltr'>coronant.</span> <span class='ocrx_word' id='word_1_254' title='bbox 960 2380 1210 2415; x_wconf 86' lang='lat' dir='ltr'>Inferioribus</span> <span class='ocrx_word' id='word_1_255' title='bbox 1243 2380 1445 2416; x_wconf 86' lang='lat' dir='ltr'>verticillis</span> <span class='ocrx_word' id='word_1_256' title='bbox 1478 2381 1547 2416; x_wconf 88' lang='lat' dir='ltr'>sub</span> <span class='ocrx_word' id='word_1_257' title='bbox 1572 2379 1640 2414; x_wconf 92' lang='lat' dir='ltr'>mi-</span> 
     </span>
     <span class='ocr_line' id='line_1_36' title="bbox 99 2433 1641 2483; baseline 0.003 -16"><span class='ocrx_word' id='word_1_258' title='bbox 99 2433 293 2478; x_wconf 90' lang='lat' dir='ltr'>croscopio</span> <span class='ocrx_word' id='word_1_259' title='bbox 320 2434 519 2480; x_wconf 88' lang='lat' dir='ltr'>separatis,</span> <span class='ocrx_word' id='word_1_260' title='bbox 546 2436 760 2481; x_wconf 81' lang='lat' dir='ltr'>superiores</span> <span class='ocrx_word' id='word_1_261' title='bbox 788 2440 827 2473; x_wconf 92' lang='lat' dir='ltr'>et</span> <span class='ocrx_word' id='word_1_262' title='bbox 851 2437 975 2472; x_wconf 90' lang='lat' dir='ltr'>minus</span> <span class='ocrx_word' id='word_1_263' title='bbox 1000 2437 1141 2472; x_wconf 88' lang='lat' dir='ltr'>maturi</span> <span class='ocrx_word' id='word_1_264' title='bbox 1167 2437 1353 2483; x_wconf 83' lang='lat' dir='ltr'>adparent</span> <span class='ocrx_word' id='word_1_265' title='bbox 1377 2437 1499 2483; x_wconf 83' lang='lat' dir='ltr'>magis</span> <span class='ocrx_word' id='word_1_266' title='bbox 1530 2448 1641 2482; x_wconf 85' lang='lat' dir='ltr'>regu—</span> 
     </span>
    </p>
   </div>
   <div class='ocr_carea' id='block_1_7' title="bbox 100 2491 1643 2756">
    <p class='ocr_par' dir='ltr' id='par_1_9' title="bbox 100 2491 616 2537">
     <span class='ocr_line' id='line_1_37' title="bbox 100 2491 616 2537; baseline 0.01 -13"><span class='ocrx_word' id='word_1_267' title='bbox 100 2491 201 2526; x_wconf 88' lang='lat' dir='ltr'>lares</span> <span class='ocrx_word' id='word_1_268' title='bbox 227 2494 270 2526; x_wconf 89' lang='lat' dir='ltr'>ut</span> <span class='ocrx_word' id='word_1_269' title='bbox 294 2491 333 2526; x_wconf 89' lang='lat' dir='ltr'>in</span> <span class='ocrx_word' id='word_1_270' title='bbox 358 2493 616 2537; x_wconf 76' lang='lat' dir='ltr'>praecedente.</span> 
     </span>
    </p>

    <p class='ocr_par' dir='ltr' id='par_1_10' title="bbox 100 2561 1643 2756">
     <span class='ocr_line' id='line_1_38' title="bbox 100 2561 1642 2618; baseline 0.004 -16"><span class='ocrx_word' id='word_1_271' title='bbox 100 2561 170 2603; x_wconf 88' lang='lat' dir='ltr'>IV.</span> <span class='ocrx_word' id='word_1_272' title='bbox 203 2561 432 2604; x_wconf 74' lang='lat' dir='ltr'>Involucra</span> <span class='ocrx_word' id='word_1_273' title='bbox 463 2563 855 2617; x_wconf 69' lang='lat' dir='ltr'>sphoerosporarum</span> <span class='ocrx_word' id='word_1_274' title='bbox 878 2565 1070 2608; x_wconf 66' lang='lat' dir='ltr'>ramelh&#39;s</span> <span class='ocrx_word' id='word_1_275' title='bbox 1092 2565 1359 2618; x_wconf 66' lang='lat' dir='ltr'>simplicibus</span> <span class='ocrx_word' id='word_1_276' title='bbox 1380 2565 1642 2608; x_wconf 66' lang='lat' dir='ltr'>abbreviatis</span> 
     </span>
     <span class='ocr_line' id='line_1_39' title="bbox 215 2631 1643 2689; baseline 0.004 -18"><span class='ocrx_word' id='word_1_277' title='bbox 215 2631 405 2673; x_wconf 67' lang='lat' dir='ltr'>incurvis</span> <span class='ocrx_word' id='word_1_278' title='bbox 435 2634 690 2685; x_wconf 70' lang='lat' dir='ltr'>constantia,</span> <span class='ocrx_word' id='word_1_279' title='bbox 720 2636 834 2677; x_wconf 57' lang='lat' dir='ltr'>circa</span> <span class='ocrx_word' id='word_1_280' title='bbox 860 2634 1056 2688; x_wconf 73' lang='lat' dir='ltr'>yem&#39;cula</span> <span class='ocrx_word' id='word_1_281' title='bbox 1085 2634 1268 2689; x_wconf 70' lang='lat' dir='ltr'>frondis</span> <span class='ocrx_word' id='word_1_282' title='bbox 1306 2649 1390 2677; x_wconf 72' lang='lat' dir='ltr'>non</span> <span class='ocrx_word' id='word_1_283' title='bbox 1427 2637 1643 2677; x_wconf 72' lang='lat' dir='ltr'>transmu-</span> 
     </span>
     <span class='ocr_line' id='line_1_40' title="bbox 215 2700 887 2756; baseline 0.006 -16"><span class='ocrx_word' id='word_1_284' title='bbox 215 2702 314 2741; x_wconf 71' lang='lat' dir='ltr'>tatce</span> <span class='ocrx_word' id='word_1_285' title='bbox 343 2700 631 2744; x_wconf 65' lang='lat' dir='ltr'>verticillatm</span> <span class='ocrx_word' id='word_1_286' title='bbox 662 2703 887 2756; x_wconf 71' lang='lat' dir='ltr'>disposita.</span> 
     </span>
    </p>
   </div>
   <div class='ocr_carea' id='block_1_8' title="bbox 106 2778 1646 2908">
    <p class='ocr_par' dir='ltr' id='par_1_11' title="bbox 106 2778 1646 2908">
     <span class='ocr_line' id='line_1_41' title="bbox 106 2778 1646 2832; baseline 0.005 -13"><span class='ocrx_word' id='word_1_287' title='bbox 106 2779 172 2820; x_wconf 85' lang='lat'>10.</span> <span class='ocrx_word' id='word_1_288' title='bbox 203 2778 279 2820; x_wconf 69' lang='lat' dir='ltr'>GR.</span> <span class='ocrx_word' id='word_1_289' title='bbox 311 2792 467 2820; x_wconf 72' lang='lat' dir='ltr'>MONILE}</span> <span class='ocrx_word' id='word_1_290' title='bbox 498 2780 655 2832; x_wconf 64' lang='lat' dir='ltr'>(Ham).</span> <span class='ocrx_word' id='word_1_291' title='bbox 684 2783 732 2826; x_wconf 67' lang='lat' dir='ltr'>in</span> <span class='ocrx_word' id='word_1_292' title='bbox 767 2783 923 2827; x_wconf 71' lang='lat' dir='ltr'>Trans.</span> <span class='ocrx_word' id='word_1_293' title='bbox 955 2784 1019 2826; x_wconf 81' lang='lat' dir='ltr'>Ir.</span> <span class='ocrx_word' id='word_1_294' title='bbox 1059 2782 1195 2826; x_wconf 76' lang='lat' dir='ltr'>Acad.</span> <span class='ocrx_word' id='word_1_295' title='bbox 1246 2783 1333 2825; x_wconf 75' lang='lat' dir='ltr'><em>Vol.</em></span> <span class='ocrx_word' id='word_1_296' title='bbox 1376 2783 1545 2827; x_wconf 91' lang='lat' dir='ltr'><strong><em>XXII.</em></strong></span> <span class='ocrx_word' id='word_1_297' title='bbox 1574 2799 1646 2827; x_wconf 64' lang='lat' dir='ltr'>wo</span> 
     </span>
     <span class='ocr_line' id='line_1_42' title="bbox 221 2846 1645 2908; baseline 0.005 -20"><span class='ocrx_word' id='word_1_298' title='bbox 221 2848 338 2902; x_wconf 61' lang='lat'>²286.)</span> <span class='ocrx_word' id='word_1_299' title='bbox 368 2846 522 2890; x_wconf 88' lang='lat' dir='ltr'>fronde</span> <span class='ocrx_word' id='word_1_300' title='bbox 552 2850 777 2903; x_wconf 84' lang='lat' dir='ltr'>caespitosa</span> <span class='ocrx_word' id='word_1_301' title='bbox 814 2852 1075 2906; x_wconf 83' lang='lat' dir='ltr'>regulariter</span> <span class='ocrx_word' id='word_1_302' title='bbox 1119 2851 1367 2894; x_wconf 80' lang='lat' dir='ltr'>dichotoma</span> <span class='ocrx_word' id='word_1_303' title='bbox 1411 2852 1645 2908; x_wconf 81' lang='lat' dir='ltr'>fastigiata,</span> 
     </span>
    </p>
   </div>
   <div class='ocr_carea' id='block_1_9' title="bbox 1356 2924 1511 2988">
    <p class='ocr_par' dir='ltr' id='par_1_12' title="bbox 1356 2924 1511 2988">
     <span class='ocr_line' id='line_1_43' title="bbox 1356 2924 1511 2988; baseline 0 -33"><span class='ocrx_word' id='word_1_304' title='bbox 1356 2957 1372 2988; x_wconf 44' lang='grc' dir='ltr'><em>ο</em></span> <span class='ocrx_word' id='word_1_305' title='bbox 1491 2924 1511 2955; x_wconf 88' lang='grc'>5</span> 
     </span>
    </p>
   </div>
  </div>
 </body>
</html>
