1757 3114
94 130 412 184 Cladhymenia.
737 127 1002 169 CHONDRIEAE.
1540 132 1619 172 <363

202 245 318 284 intra
348 242 637 297 pericarpium
669 244 933 293 subovatum,
965 243 1249 294 carpostomio
1272 245 1481 295 apertum,
1504 258 1620 297 geni-

202 312 336 354 midia
365 310 617 367 pyriformia
648 311 691 351 in
722 309 904 351 articulo
934 310 1150 351 terminali
1171 311 1354 361 filorum,
1378 326 1402 351 a
1423 311 1621 364 placenta

204 379 467 421 radiantium
498 378 680 429 evoluta,
713 378 976 432 generantia.
1021 377 1335 432 Sphcerosporce
1364 379 1407 419 in
1439 379 1620 422 fimbriis

203 449 396 498 evolutae,
442 462 587 502 paucae
628 451 885 502 aggregatae,
918 447 961 487 in
999 446 1163 489 cellulis
1208 448 1620 490 infra-corticalibus

203 517 410 568 formatae,
440 517 694 567 rotundatas,
727 515 943 569 triangule
973 515 1130 557 divisae.

202 623 346 664 Genus
391 621 692 676 Harveyanum
738 619 1069 674 Cladhymeniae,
1109 620 1199 674 jam
1231 621 1285 662 ab
1317 621 1437 662 initio
1468 620 1620 662 vaccil-

89 693 196 741 lans,
229 696 379 745 utpote
411 705 547 745 neque
578 690 899 731 characteribus
945 689 1180 740 definitum,
1227 704 1364 744 neque
1408 690 1618 731 limitibus

87 761 196 802 bene
227 761 366 802 ductis
397 761 478 801 rite
511 759 890 811 circumscriptum,
924 758 1050 799 hodie
1081 758 1319 811 specierum
1351 758 1617 800 diversarum

88 829 299 871 fructibus
331 829 481 870 melius
512 827 692 880 cognitis
723 830 906 880 utroque
938 830 1134 879 respectu
1161 826 1481 868 reformandum
1503 827 1618 868 vide-

87 901 171 938 tur.
218 896 409 950 Expulsa
425 897 514 950 jam
545 899 673 936 antea
704 893 853 936 Cladh.
885 894 1056 945 Gunnii,
1089 895 1208 948 cujus
1240 895 1404 936 fructus
1436 900 1617 949 uterque

87 965 212 1020 longe
244 966 447 1015 diversus,
480 964 642 1017 species
674 963 990 1018 Cladhymeniae
1021 963 1196 1004 fuerunt
1227 964 1505 1006 consideratae
1528 969 1620 1006 tum

86 1034 239 1087 typicae
271 1032 355 1075 illae
387 1031 448 1074 01.
479 1031 633 1087 Lyallii
664 1036 706 1073 et
737 1030 797 1072 01.
831 1031 1124 1085 oblongifolia,
1170 1035 1262 1073 tum
1300 1034 1513 1085 posterius
1544 1033 1619 1074 ad-

81 1103 199 1156 jecta
230 1100 380 1142 Cladh.
412 1101 616 1143 conferta.
677 1101 779 1151 Quae
826 1100 1011 1153 quidem,
1045 1100 1118 1141 diu
1149 1101 1203 1142 ab
1235 1115 1319 1142 uno
1351 1101 1405 1141 ad
1437 1101 1621 1143 alterum

89 1171 234 1212 Genus
267 1171 549 1224 circumvaga,
582 1170 738 1211 eximia
768 1169 1058 1210 illustratione
1091 1165 1347 1223 Harveyana
1368 1169 1538 1210 denium
1560 1171 1621 1212 ita

89 1240 259 1292 cognita
304 1240 583 1289 existimetur,
615 1242 663 1279 ut
694 1239 745 1280 de
777 1237 1056 1279 affinitatibus
1102 1237 1323 1290 disputare
1368 1238 1436 1279 vix
1481 1238 1619 1280 liceat.

89 1306 360 1361 Comparatis
392 1308 458 1348 his
481 1307 802 1349 characteribus
825 1306 928 1347 mihi
950 1306 1067 1347 haud
1088 1306 1267 1348 dubium
1299 1306 1480 1359 adparet
1510 1307 1620 1349 hanc

89 1390 115 1416 a
144 1376 463 1431 Cladhymeniae
495 1376 714 1429 speciebus
754 1375 905 1430 typicis
937 1379 979 1416 et
1010 1379 1230 1416 structura
1267 1375 1430 1416 frondis
1463 1380 1504 1417 et
1535 1376 1620 1418 for-

88 1445 276 1486 matione
309 1445 707 1498 sphaerosporarum
738 1444 799 1485 ita
829 1443 1003 1484 differre
1035 1447 1083 1484 ut
1120 1443 1265 1485 Genus
1297 1444 1361 1484 sui
1387 1444 1497 1497 juris
1529 1459 1619 1485 cer-

87 1513 172 1554 tius
203 1513 462 1554 constituere
494 1516 729 1553 censeatur.
771 1512 952 1553 Restant
972 1512 1119 1565 itaque
1150 1515 1197 1552 ut
1230 1511 1389 1564 species
1420 1512 1619 1564 legitimae

88 1579 425 1636 Cladhymeniae:
449 1580 511 1621 01.
533 1580 691 1635 Lyallii
723 1584 764 1621 et
795 1579 857 1621 01.
880 1579 1171 1633 oblongifolia.
1214 1579 1456 1621 Secundum
1479 1580 1620 1622 icones

87 1654 130 1692 et
160 1650 468 1703 descriptiones
501 1649 778 1703 Harveyanas
810 1649 922 1690 inter
953 1649 1031 1690 lias
1064 1662 1234 1702 quoque
1266 1662 1316 1689 ea
1337 1649 1620 1689 intercederet

87 1718 343 1768 differentia,
376 1722 424 1759 ut
454 1718 497 1759 in
530 1717 590 1758 01.
623 1718 777 1772 Lyallii
808 1721 927 1759 costa
958 1717 1168 1770 quaedam,
1216 1716 1392 1769 siphone
1439 1717 1620 1758 centrali

85 1801 303 1841 percursa,
337 1787 524 1837 adesset3
557 1785 618 1827 01.
651 1786 928 1839 oblongifolia
959 1800 1057 1826 vero
1080 1786 1250 1826 omnino
1274 1785 1438 1825 enervis
1461 1784 1618 1826 descri-

86 1856 215 1897 bitur.
276 1855 451 1896 Accedit
483 1855 596 1908 quod
629 1855 860 1906 genunidia
890 1855 933 1895 in
965 1853 1025 1895 01.
1058 1853 1213 1908 Lyallii
1245 1854 1306 1894 ita
1337 1853 1507 1906 depicta
1528 1853 1619 1894 fue-

87 1928 199 1973 runt,
232 1927 280 1964 ut
312 1928 459 1978 typum
503 1924 694 1964 indicare
741 1923 964 1964 videantur
1010 1923 1180 1964 omnino
1226 1922 1441 1963 diversum
1472 1922 1526 1963 ab
1558 1936 1619 1974 eo,

87 2006 214 2046 quem
246 1991 481 2033 evidentius
512 1992 645 2032 ref'ert
677 1990 736 2031 01.
768 1990 1058 2044 oblongifolia.
1100 1991 1176 2031 His
1205 1990 1357 2031 ductus
1380 1990 1619 2031 rationibus

85 2075 222 2115 neque
254 2061 331 2102 has
363 2061 522 2113 species
554 2060 854 2114 congenericas
886 2060 1061 2111 credidi,
1093 2065 1135 2102 et
1164 2061 1314 2114 ignota
1345 2060 1448 2100 1111111
1480 2059 1619 2100 adhuc

86 2129 146 2170 01.
178 2128 344 2184 Lyallii,
377 2128 437 2169 01.
470 2128 792 2181 oblongifoliam
825 2128 969 2170 Genus
1001 2129 1066 2169 sui
1093 2128 1202 2182 juris
1235 2127 1335 2168 olim
1366 2127 1481 2177 finxi,
1505 2128 1620 2180 quod

86 2198 257 2240 nomine
288 2197 506 2251 Dactyloti
538 2212 708 2251 quoque
740 2198 885 2237 amicis
917 2197 1114 2238 indicavi.
1155 2196 1312 2237 Oblata
1343 2196 1446 2236 mihi
1472 2200 1620 2249 postea

87 2266 308 2308 occasione
339 2266 565 2319 utriusque
598 2266 751 2319 speciei
783 2279 1034 2318 comparare
1067 2265 1311 2317 specimina,
1335 2264 1420 2305 vidi
1444 2277 1618 2304 nervum

86 2335 129 2375 in
161 2334 222 2375 01.
255 2334 410 2388 Lyallii
442 2348 562 2387 aeque
602 2334 782 2375 deficere
820 2348 868 2374 ac
901 2334 944 2374 in
976 2332 1036 2374 01.
1069 2331 1359 2386 oblongifolia.
1421 2332 1618 2385 811116610-

88 2417 238 2456 sporas
268 2403 311 2443 in
344 2400 405 2442 01.
437 2401 604 2456 Lyallii,
635 2405 764 2443 antea
809 2401 989 2455 ignotas,
1031 2415 1125 2441 cum
1157 2400 1208 2440 iis
1240 2398 1299 2440 01.
1332 2398 1618 2453 oblongifoliac

88 2486 258 2526 quoque
289 2475 572 2524 congruentes
605 2471 835 2512 observavi.
877 2471 985 2511 Hinc
1018 2470 1144 2510 hodie
1176 2473 1405 2521 utramque
1437 2469 1618 2522 speciem

88 2539 412 2593 congenericam
444 2539 637 2580 assumsi.
698 2538 979 2593 Cystocarpia
1019 2542 1162 2578 tamen
1193 2538 1236 2577 in
1275 2535 1335 2577 01.
1367 2536 1521 2590 Lyallii
1552 2551 1617 2577 1116

89 2607 277 2649 nondum
308 2607 476 2657 vidisse,
510 2607 666 2648 dixisse
698 2610 907 2660 opportet.

92 2715 125 2754 1.
158 2711 227 2753 CL.
259 2712 432 2752 LYALLH
464 2710 620 2765 (Hoo'lc.
652 2715 690 2753 et
720 2712 856 2754 Harv.
900 2711 998 2764 Azy.
1040 2711 1147 2753 Nov.
1179 2710 1264 2752 Zel.
1297 2724 1365 2751 mo
1398 2712 1470 2766 (39)
1502 2710 1617 2751 fron-

202 2781 328 2823 dibus
360 2794 386 2821 a
416 2779 543 2833 plexu
573 2779 729 2822 fibroso
752 2780 953 2822 intricate
977 2779 1132 2820 sensim
1154 2779 1504 2828 excrescentibus,
1527 2779 1617 2831 pin-

204 2849 337 2891 natim
370 2848 682 2901 decompositis,
714 2849 961 2890 rachidibus
993 2862 1125 2901 supra
1155 2848 1345 2901 stipitem
1375 2847 1618 2890 filiformem
