1757 3114
1575 143 1654 185 605

125 271 260 309 versa,
293 261 438 300 vetare
470 259 572 300 mihi
603 258 782 299 videtur.
842 258 1005 299 Forsan
1036 257 1178 309 potius
1209 271 1304 297 cum
1336 256 1593 298 Rhabdouia
1614 262 1655 298 et

126 326 305 368 Solieria
337 327 483 369 Genus
514 340 749 381 congruere
777 330 1014 366 censeatur.
1057 324 1308 378 Spongiolas
1330 325 1537 378 peculiari
1558 340 1654 367 evo-

124 395 284 437 lutione
330 401 459 446 ortas
507 396 595 437 fere
633 400 681 436 ut
718 394 986 436 nemathecia
1016 394 1057 434 in
1089 394 1234 435 multis
1273 394 1481 435 Florideis
1513 394 1655 436 evolu-

124 464 237 504 tione
269 465 404 518 magis
438 470 613 517 peracta
642 463 813 505 filorum
845 462 1111 504 corticalium
1143 463 1352 511 oriuntur,
1383 462 1655 504 considerare

123 531 290 583 liceret3
320 533 434 585 ipsos
456 532 630 574 nucleos
652 532 858 574 nucleolis
880 531 1145 572 Rhabdoniae
1167 532 1488 585 respondentes,
1512 532 1655 585 dispo-

124 600 277 641 sitione
308 614 407 642 vero
440 601 650 649 diversos;
683 600 881 654 placenta
912 613 1010 640 vero
1041 599 1083 639 in
1117 599 1290 654 l'olydie
1322 600 1548 645 solidescit,
1571 600 1655 641 cel-

123 669 223 710 lulis
254 669 491 724 minoribus
523 671 682 711 arctius
705 668 939 723 conjunctis
961 668 1205 718 constituta,
1229 674 1271 710 et
1301 669 1395 722 ipsa
1425 670 1656 722 gemmidia

122 737 211 779 fere
243 737 407 779 sessilia
438 738 578 779 dicere
611 741 821 791 opportet,
854 736 969 790 quod
1000 750 1095 777 cum
1127 736 1209 778 filis
1238 737 1557 790 gemmidiiferis
1585 752 1655 780 ar-

122 806 310 847 ticulatis
342 807 606 849 Rhabdoniae
638 807 778 848 minus
808 806 916 848 bene
948 806 1155 847 convenit.
1214 806 1433 860 Polyidem
1470 798 1654 861 denicjue

123 888 219 915 cum
248 873 461 916 Naccaria
491 888 662 928 quoque
693 887 943 928 comparare
975 873 1140 914 liceret:
1182 872 1435 927 Spongiolas
1466 875 1655 930 Polyidis

122 958 218 985 cum
250 943 428 984 ramulis
460 943 692 991 Naccariae,
715 942 963 992 fructiferis,
987 942 1196 995 peculiari
1228 942 1467 985 evolutione
1499 944 1654 985 ramel-

122 1012 235 1060 losis,
268 1011 582 1065 quodammodo
614 1010 821 1065 analogas
851 1010 997 1051 forsan
1029 1011 1125 1063 quis
1156 1010 1362 1052 crederet.
1415 1011 1508 1053 Fila
1539 1026 1655 1065 gem-

120 1079 333 1121 midiifera
364 1081 418 1121 ad
449 1080 678 1121 articulum
709 1079 977 1121 terminalem
1010 1080 1221 1121 clavatum
1255 1081 1433 1122 reducta
1462 1082 1506 1122 in
1537 1086 1655 1124 utro-

121 1164 202 1203 que
241 1150 407 1192 Genere
454 1151 625 1193 adsunt.
686 1150 929 1192 Gemmidia
973 1154 1117 1191 autem
1157 1150 1328 1203 singula
1358 1151 1401 1191 in
1433 1151 1654 1204 Nae-caria,

122 1219 166 1259 in
196 1219 393 1261 nucleum
424 1224 499 1261 ant
530 1220 745 1262 nucleolos
776 1220 1003 1274 conjuncta
1034 1220 1075 1260 in
1107 1220 1281 1274 Polyide
1313 1220 1474 1262 —fere
1506 1222 1655 1263 eadem

121 1287 365 1330 differentia
409 1303 497 1343 qua
534 1289 794 1343 Monospora
824 1294 866 1331 et
897 1289 1146 1343 Wrangelia
1191 1289 1366 1331 distant.
1425 1289 1654 1332 Lomenta-

121 1359 233 1400 rieas
265 1359 400 1400 multo
445 1363 642 1412 respectu
689 1358 945 1412 Champieas
991 1362 1169 1412 tangere
1200 1359 1267 1401 vix
1300 1359 1512 1413 denegare
1542 1360 1654 1402 licet.

120 1426 430 1469 Lomentarieae
462 1442 560 1469 vero
590 1428 733 1482 quoad
765 1428 948 1469 formam
979 1431 1021 1469 et
1050 1427 1372 1480 dispositionem
1403 1430 1653 1482 gemmidio-

121 1510 229 1543 rum,
269 1510 294 1536 a
325 1495 568 1549 Champieis
614 1497 838 1545 recedunt3
886 1500 928 1538 et
960 1496 1097 1537 nuclei
1128 1496 1211 1550 ipsi
1242 1496 1525 1539 Lomentariae
1558 1512 1654 1539 cum

121 1564 325 1606 nucleolis
356 1564 543 1618 Polyidis
582 1568 681 1606 ante
712 1565 818 1606 alias
864 1568 1146 1618 congruentes
1193 1565 1297 1606 mihi
1343 1566 1650 1619 adparuerunt‚

118 1632 218 1674 licet
255 1632 533 1685 dispositione
564 1633 795 1674 admodum
842 1633 1009 1674 diversi.
1070 1633 1135 1674 An
1167 1634 1350 1687 denique
1382 1634 1652 1688 Monospora,

119 1699 343 1750 Naccaria,
376 1700 571 1755 Polyides
602 1705 644 1742 et
675 1701 960 1743 Lomentariae
991 1702 1225 1743 subseriem
1264 1702 1484 1755 propriam
1516 1717 1653 1756 quan-

119 1768 218 1809 dam
249 1768 517 1810 indicarent?

231 1837 308 1879 His
340 1838 538 1880 omnibus
569 1852 829 1893 magnopere
874 1839 979 1880 mihi
1025 1838 1168 1881 dubiis
1213 1838 1579 1894 Spongiocarpeas
1611 1845 1654 1883 et

118 1906 439 1948 Lomentarieas
470 1907 583 1948 inter
614 1905 1001 1962 Corynospermeas
1032 1908 1218 1949 retinere
1250 1908 1394 1959 malui,
1427 1923 1556 1962 quam
1587 1910 1651 1951 in-

117 1977 184 2016 ter
216 1974 324 2016 alias
355 1975 500 2027 series‚
534 1975 637 2017 locis
669 1989 789 2030 aeque
820 1975 1007 2027 incertis,
1039 1989 1148 2017 nova
1169 1976 1425 2031 conjectura,
1448 1978 1650 2031 recipere.

305 2088 496 2130 Familiae
527 2089 672 2143 itaque
704 2086 1168 2144 Corynospermearum
1200 2091 1304 2132 mihi
1335 2095 1451 2134 sunt:

117 2194 246 2241 ORDO
283 2194 399 2240 XIX.
472 2194 884 2242 WRANGELIEAE
935 2204 1088 2248 fronde
1137 2206 1370 2248 articulata
1414 2207 1530 2249 nuda
1574 2212 1650 2250 aut

230 2271 436 2312 corticata
467 2276 507 2313 et
545 2273 614 2314 axi
656 2272 887 2315 articulato
925 2288 1152 2327 percursa3
1199 2274 1281 2316 filis
1327 2277 1649 2329 gemmidiiferis

231 2339 413 2391 singulis
459 2341 633 2393 sparsis,
666 2342 901 2395 saepissime
940 2342 1135 2395 plurimis
1167 2344 1208 2384 in
1240 2344 1452 2396 nucleum,
1485 2346 1647 2388 nudum

228 2412 304 2448 aut
335 2412 504 2449 tantum
535 2423 656 2451 coma
676 2411 954 2453 ramellorum
976 2412 1173 2463 cinctum,
1196 2414 1444 2468 conjunctis,
1468 2416 1647 2458 invicem

227 2475 388 2525 liberis
422 2476 466 2517 in
505 2477 687 2520 articulo
732 2480 948 2521 terminali
992 2480 1159 2523 clavato
1204 2483 1434 2536 gemmidia
1479 2485 1648 2538 singula

229 2544 547 2597 generantibus.

114 2664 244 2709 (luno
280 2662 377 2707 XX.
450 2661 951 2713 ,SPONGIOCARPEAE
989 2674 1139 2717 fronde
1171 2677 1391 2730 continua3
1431 2683 1644 2734 cystoear-

227 2740 308 2793 piis
340 2739 382 2779 in
413 2740 643 2794 spongiolis
674 2743 860 2784 externis
902 2743 1229 2787 nematheeiosis
1267 2746 1463 2799 plurimis
1494 2763 1644 2803 prove-

227 2807 460 2858 nientibus3
492 2808 651 2850 nucleis
683 2810 794 2852 inter
826 2811 898 2852 fila
919 2811 1150 2865 spongiolae
1181 2813 1474 2857 nidulantibus
1496 2821 1644 2860 rotun-

227 2878 338 2918 datis
369 2877 516 2929 nudis3
548 2878 631 2921 filis
661 2881 983 2933 gemmidiiferis
1014 2882 1228 2925 obconicis
1260 2885 1518 2929 abbreviatis
1549 2902 1643 2931 arc-
