1762 3036
121 137 203 179 210
705 135 986 177 GIGARTINEAE.
1290 135 1656 190 Gfflmzoyonyrus.
1714 134 1762 197 'Ji'j

210 248 371 285 Nomine
405 247 449 283 G.
483 247 653 292 Wulfem'
676 248 769 283 Ζαη.
798 248 898 283 Ieooz.
926 248 1063 282 adriat.
1103 248 1174 282 tab.
1211 247 1329 282 XCIV
1365 247 1523 282 formam
1560 259 1658 283 eom-

119 317 292 351 pressam
318 308 363 342 ab
389 305 540 340 omnino
567 306 809 350 cylindracea
835 305 1042 351 distinguit
1060 308 1205 349 auctor,
1224 306 1374 350 adjecta
1390 305 1657 340 observatione
1717 303 1719 306 ’

119 363 360 398 nemathecia
395 374 507 396 unam
532 363 709 408 paginam
735 363 775 397 in
802 363 844 397 G.
871 361 1039 397 Wulfeni
1063 372 1262 407 occupare,
1288 363 1329 396 in
1355 363 1474 397 altera
1501 363 1643 397 circum

119 419 221 455 eirea
245 419 503 465 prominentia
528 420 723 455 obvenire.

121 527 157 567 5.
191 526 239 568 G.
272 525 457 568 TORREYI
488 525 588 579 (Ay.
624 525 696 580 Sp.
725 539 766 578 p.
800 526 902 580 254)
947 524 1100 566 fronde
1145 524 1428 566 teretiuscula
1474 538 1656 577 superne

233 598 560 648 subeompressa
591 593 1096 646 diohotomo-fastigiata,
1134 593 1366 646 segmentis
1404 593 1657 645 angustissi-

232 665 313 705 mis
344 663 630 715 filiformibus,
663 663 806 705 axillis
837 662 1097 712 rotundatis7
1129 661 1342 704 fructibus
1375 696 1382 704 .
1417 695 1425 703 .
1457 695 1465 703 .
1498 662 1543 705 J.
1576 662 1658 716 Ay.

234 731 305 784 Sp.
329 745 376 785 p.
410 731 502 773 319.

383 812 491 854 Hab.
523 813 579 854 ad
610 812 711 854 New
743 812 859 854 York
890 811 1128 867 (Torreyl).

208 904 299 938 Haeo
327 904 474 949 speeies
502 905 707 940 recentiori
735 907 905 949 tempore
943 917 1018 939 non
1056 905 1216 939 inventa
1253 904 1419 939 videtur.
1468 904 1589 938 Adest
1613 905 1660 939 ad

120 961 166 995 N.
193 960 296 996 York
321 962 441 996 forma
466 962 740 1008 angustissima
765 962 829 996 Gr.
856 961 1138 1006 mustipartitae,
1177 973 1287 1005 quam
1325 973 1408 996 eum
1434 961 1476 996 G.
1503 961 1661 1006 Torreyi

121 1018 331 1053 identieam
357 1019 441 1063 quis
468 1020 655 1054 crederet.
705 1020 756 1054 At
782 1019 863 1053 haec
889 1030 1024 1054 revera
1060 1019 1172 1063 longe
1212 1018 1365 1052 diversa
1390 1020 1430 1053 et
1454 1018 1573 1052 forma
1598 1029 1660 1052 ex·
1729 1043 1735 1058 ι

120 1079 232 1111 terna
257 1080 296 1111 et
322 1080 528 1111 structura.
578 1077 620 1110 In
647 1076 690 1111 G.
717 1076 878 1121 Torreyi
902 1076 1006 1111 frons
1034 1079 1137 1110 statu
1162 1076 1352 1110 exsiccato
1372 1086 1590 1121 compressa
1607 1076 1661 1110 vi-

122 1135 261 1169 deatur
288 1138 327 1169 at
351 1146 487 1169 revera
512 1135 776 1178 teretiuseula,
803 1145 967 1179 superne
1004 1145 1136 1179 parum
1167 1144 1395 1178 compressa.
1445 1133 1503 1166 Ad
1529 1132 1662 1167 littora
1730 1115 1760 1146 ⁴·

122 1191 255 1226 Galliae
282 1194 321 1225 et
344 1191 539 1236 Hispaniae
566 1192 639 1225 alia
677 1192 838 1236 speeies,
878 1191 1055 1226 Chondro
1093 1191 1218 1236 crispo
1255 1190 1423 1225 filiformi
1455 1190 1660 1231 simillima,

121 1261 231 1293 quam
258 1261 405 1294 quoque
431 1261 515 1284 eum
541 1249 583 1284 G.
610 1249 768 1294 Torreyi
803 1249 1013 1284 identieum
1050 1250 1134 1293 quis
1171 1252 1340 1293 putaret,
1379 1248 1446 1282 sed
1482 1259 1552 1282 neo
1577 1247 1660 1281 haec

121 1308 265 1343 eadem.

121 1413 158 1454 6.
191 1412 241 1454 G.
274 1425 556 1453 FURCELLATUS
603 1411 707 1466 (Ass.
753 1411 824 1464 Sp.
847 1425 895 1464 p.
928 1411 1031 1466 253)
1076 1410 1229 1453 fronde
1276 1411 1502 1464 caespitosa
1547 1424 1660 1451 eom·
1720 1417 1762 1467 Ἰ

234 1494 384 1534 pressa
415 1483 491 1521 aut
522 1479 737 1534 subplana
768 1479 1261 1532 dichotomo-fastigiata
1292 1483 1335 1520 et
1365 1493 1477 1533 saepe
1509 1492 1660 1520 seeun-

236 1549 373 1591 datim
403 1548 623 1603 prohfera,
657 1548 890 1602 segmentis
928 1552 1111 1602 anguste
1148 1548 1397 1597 linearibus,
1443 1551 1660 1603 oystooar-
1714 1542 1762 1612 ”fi

233 1618 316 1671 piis
346 1618 391 1659 in
428 1617 581 1659 fronde
619 1616 955 1659 nodoso-inflata
1001 1617 1344 1671 prominentibus
1391 1631 1502 1670 saepe
1547 1617 1659 1659 binis
1727 1635 1762 1680 ’ᾗ

234 1686 454 1740 oppositis.
487 1685 532 1729 J.
565 1685 647 1738 Ay.
682 1686 753 1740 Sp.
774 1700 822 1740 p.
845 1687 939 1728 318.
964 1686 1094 1728 Kritz.
1117 1686 1199 1728 tab.
1227 1685 1355 1740 Phyc.
1391 1685 1479 1728 Vol.
1508 1685 1666 1728 XVII

235 1755 316 1796 tab.
353 1755 417 1795 55.
1720 1751 1745 1778 '³

385 1835 435 1876 In
466 1835 636 1877 Oceano
668 1834 846 1889 pacifico
878 1835 934 1877 ad
964 1835 1115 1877 littora
1146 1835 1351 1877 Peruviae.

211 1925 373 1960 Nomine
399 1925 443 1960 G.
469 1925 663 1961 fureellati
688 1927 818 1971 plures
846 1925 992 1970 species
1018 1927 1115 1961 bene
1135 1926 1298 1960 diversae
1325 1925 1586 1959 venditantur.
1615 1925 1658 1959 G.
1726 1935 1734 1942 ·

121 1981 315 2022 furoellatj
341 1983 424 2017 duae
445 1983 574 2017 formae
595 1995 615 2017 a
631 1983 784 2028 Harvey
800 1984 839 2017 in
858 1983 916 2018 Fl.
936 1983 1031 2018 Nov.
1051 1983 1130 2017 Zel.
1148 1986 1366 2017 memoratae
1386 1982 1478 2016 mihi
1498 1982 1544 2016 ad
1561 1982 1660 2016 inte·

120 2039 193 2072 rim
213 2042 302 2073 sunt
328 2039 475 2084 speeies
501 2040 722 2074 Ahnfeltiae.
774 2040 816 2075 G.
843 2040 1066 2074 furoellatus
1092 2039 1208 2073 Harv.
1235 2039 1322 2084 Alg.
1348 2039 1480 2073 Austr.
1508 2050 1568 2073 n:o
1594 2039 1660 2073 395

124 2099 185 2130 est
204 2096 503 2141 Cordyleeladiae
532 2096 692 2141 speeies.
728 2097 876 2132 Praeter
893 2097 961 2131 has
987 2097 1033 2130 ad
1051 2096 1146 2131 Nov.
1166 2096 1387 2130 Zelandiam
1406 2096 1516 2130 adest
1541 2095 1660 2130 forma

121 2166 211 2189 vero
239 2155 281 2189 G.
309 2155 511 2190 furoellato
538 2155 744 2197 simillima,
771 2158 810 2189 et
835 2158 963 2189 tamen
990 2154 1021 2188 si
1047 2153 1137 2198 quid
1163 2153 1273 2188 video
1292 2153 1455 2188 diversa.
1491 2152 1659 2187 Stratum
1727 2181 1731 2184 .

120 2212 282 2246 interius
309 2211 459 2246 cellulis
486 2212 809 2247 numerosioribus
837 2214 1056 2246 contextum
1082 2211 1174 2245 mihi
1207 2210 1396 2255 adparuit,
1428 2210 1494 2244 sed
1524 2209 1658 2255 praeci·
1718 2209 1735 2252 2

120 2281 193 2314 pue
219 2269 476 2314 periearpium
502 2268 576 2303 filis
602 2268 848 2303 vertiealibus
867 2269 986 2303 multo
1004 2267 1241 2313 longioribus
1262 2270 1300 2302 et
1319 2267 1555 2301 densissimis
1573 2278 1659 2301 con·
1719 2284 1733 2300 .·>

120 2329 281 2361 textum.
332 2325 577 2371 Cystooarpia
619 2337 733 2370 supra
768 2329 965 2369 utramque
1002 2324 1179 2370 paginam
1217 2324 1353 2358 eximie
1390 2323 1659 2368 prominentia,

122 2393 192 2416 nee
218 2383 435 2417 lateraliter
461 2382 650 2428 opposita,
677 2386 719 2417 ut
744 2382 784 2416 in
809 2382 1019 2426 peruviana
1044 2393 1145 2426 saepe
1171 2382 1332 2416 obtinet.
1381 2380 1519 2415 Planta
1542 2381 1657 2415 Novae
1718 2388 1720 2390 ’

121 2439 314 2474 Zelandiae
340 2439 462 2485 magis
490 2439 741 2484 cartilaginea
765 2438 809 2472 fit
835 2438 1110 2479 exsiccatione3
1142 2449 1163 2472 a
1188 2441 1319 2472 crusta
1355 2449 1522 2482 expansa
1559 2437 1657 2472 radi·
1725 2433 1741 2441 ”

122 2495 195 2529 eali
221 2496 376 2531 frondes
402 2496 577 2541 plurimae
604 2496 816 2541 caespitosae
843 2495 1085 2539 proveniunt.
1119 2494 1279 2529 Nomine
1305 2494 1348 2529 G.
1368 2493 1559 2529 fureellati
1578 2505 1657 2529 var.

122 2552 286 2587 nodiferi
312 2553 483 2598 plantam
509 2552 554 2588 N.
581 2552 774 2587 Zelandiae
801 2551 1013 2597 designavi.

120 2660 158 2700 7.
190 2658 240 2700 G.
273 2671 566 2700 DisCIPLINAms
598 2657 755 2712 (Bory.
789 2656 914 2710 Coqu.
953 2671 1023 2699 ηῐο
1062 2658 1135 2712 62)
1179 2656 1332 2698 fronde
1378 2654 1657 2697 teretiusoula

235 2726 400 2768 inferne
440 2730 483 2768 et
523 2726 653 2767 ramis
684 2725 919 2780 majoribus
950 2725 1262 2779 polyohotoma‚
1295 2737 1478 2777 superne
1509 2723 1655 2765 dicho·
1711 2734 1731 2771 f

234 2800 353 2836 toma
383 2794 700 2848 subfastigiata,
724 2793 954 2847 segmentis
985 2793 1100 2834 infra
1129 2791 1468 2847 polychotomias
1500 2805 1654 2833 ennea·
1711 2813 1722 2834 a

235 2865 311 2904 tim
344 2862 537 2904 dilatatis
569 2862 838 2916 compressis,
874 2861 1151 2902 nematheoiis
1173 2860 1212 2915 (Ρ
1236 2859 1523 2902 verruculosis
1556 2862 1653 2900 sub-
