1757 3114
117 59 419 114 Netophyllum.
744 57 1045 97 Dnrsssunfflffi.
1561 52 1641 92 455

225 173 304 214 mis
336 186 412 225 per
443 170 700 213 exteriorem
731 174 774 211 et
804 168 1067 222 superiorem
1089 172 1258 220 partem
1279 164 1444 208 frondis
1467 164 1641 217 sparsis,

226 255 336 282 nunc
369 254 538 294 quoque
569 240 680 280 inter
712 253 862 280 nervos
894 237 1127 279 exteriores
1174 234 1538 289 provenientibus,
1574 248 1642 287 cy-

223 308 447 362 stocarpiis
479 322 554 361 per
587 308 805 360 regionem
837 306 970 347 latam
1002 304 1425 358 intra-marginalem
1467 302 1642 355 sparsis.

249 376 359 418 Hab.
391 376 447 417 ad
477 376 588 417 ostia
619 376 807 417 Dervent
837 373 1077 415 Tasmaniae
1108 372 1211 426 (Hb.
1245 372 1364 413 Dznae
1395 369 1584 424 Grattyl).

199 455 366 501 Species,
395 455 426 489 si
452 454 542 499 quid
568 455 692 498 video,
719 452 1023 496 distinctissima,
1043 451 1172 486 nervis
1192 450 1329 486 validis
1348 450 1394 486 N.
1412 449 1643 484 multinerve

106 514 186 549 fere
223 524 420 558 superans,
453 516 492 547 at
517 513 563 547 ad
588 513 829 557 Hymenenas
866 510 967 545 haud
1003 509 1216 554 pertinens,
1258 511 1389 554 utpote
1427 506 1523 542 soris
1561 518 1643 541 cum

107 572 152 607 N.
184 570 337 606 Smithii
372 570 612 615 potissimum
650 569 892 604 conveniens.
941 567 1094 601 Partem
1131 567 1349 601 inferiorem
1386 564 1531 601 frondis
1570 576 1644 599 non

109 628 201 672 vidi,
227 639 342 672 quare
370 628 415 661 de
443 627 573 672 stipite
601 630 638 661 et
663 625 948 660 ramificationis
975 635 1118 666 norma,
1146 623 1177 657 si
1204 623 1356 667 quidem
1382 622 1477 657 rami
1503 621 1645 664 adsint,

107 685 203 720 nihil
229 684 355 719 dicere
382 684 507 718 liceat.
558 684 724 718 Laminae
753 695 774 717 a
797 694 855 717 me
882 683 1095 717 observatae
1114 681 1379 725 magnitudine
1397 691 1548 714 manum
1566 679 1645 713 fere

108 745 273 786 aequant,
311 746 350 776 et
388 741 578 786 simplices
616 744 784 785 manent,
812 740 985 786 margine
1006 739 1255 786 >amplissime
1287 738 1645 782 undulato-plicato,

111 799 182 834 hoc
206 799 317 834 modo
344 799 381 833 in
419 799 525 834 lobos
563 810 694 842 parurn
733 797 919 832 discretos
959 796 1102 831 abiens.
1151 796 1268 830 Nervi
1308 796 1461 840 plurimi
1498 795 1644 829 inferne

107 858 383 900 convergentes
410 855 466 899 (in
495 854 697 899 stipitem),
724 865 886 898 superne
907 853 1115 888 dichotomi
1142 855 1181 887 et
1207 864 1336 897 sparse
1363 856 1645 887 anastomosan-

107 915 164 947 tes
191 912 353 947 mediam
380 915 500 947 totam
525 912 698 947 frondem
728 913 971 957 percurrunt,
1010 913 1225 945 extrorsum
1262 909 1484 944 flabellatim
1511 920 1643 943 versus

107 971 299 1016 margines
328 971 589 1015 divergentes.
639 970 746 1004 Inter
783 981 919 1004 nervos
957 968 1172 1013 superiores
1199 971 1238 1002 et
1264 968 1490 1011 exteriores,
1529 967 1643 1001 latius

107 1027 270 1061 invicem
295 1027 499 1070 distantes,
527 1026 601 1061 sori
628 1038 727 1061 nnnc
764 1024 985 1068 obveniunt,
1024 1025 1087 1059 vix
1124 1028 1250 1059 autem
1276 1028 1318 1059 ut
1343 1025 1383 1059 in
1409 1024 1641 1068 Hymenenis

114 1083 259 1127 seriati,
286 1086 324 1118 et
349 1084 462 1129 longe
489 1083 642 1127 plurimi
669 1082 824 1117 lacinias
852 1082 1058 1116 exteriores
1092 1082 1321 1126 adparenter
1353 1093 1511 1116 enerves
1538 1093 1643 1116 occu-

109 1143 213 1186 pant.
264 1140 509 1185 Cystocarpia
534 1143 682 1174 matura
707 1151 836 1175 zonam
862 1140 1049 1183 quandam
1075 1143 1185 1173 extra
1210 1139 1334 1184 ipsum
1361 1139 1506 1173 discum
1535 1139 1643 1173 steri-

107 1198 182 1232 lem
208 1201 394 1242 occupant
419 1198 700 1242 intermediam,
723 1197 936 1242 junioribus
963 1197 1158 1242 margines
1184 1208 1316 1232 versus
1345 1196 1486 1231 sensim
1511 1208 1646 1241 prove-

109 1255 318 1299 nientibus,
344 1255 399 1289 ita
423 1258 466 1289 ut
492 1256 641 1289 demum
667 1256 795 1290 forsan
820 1266 967 1298 quoque
988 1266 1094 1288 secus
1113 1254 1305 1299 margines
1333 1254 1558 1295 obveniant;
1585 1265 1644 1297 cy-

108 1312 296 1357 stocarpia
323 1312 539 1346 evidentius
572 1324 683 1356 quam
710 1312 747 1346 in
774 1312 947 1356 plurimis
986 1323 1114 1346 nervis
1153 1310 1393 1356 supraposita
1428 1310 1519 1345 vidi.
1571 1310 1645 1345 Sub

105 1370 353 1414 microscopio
379 1370 526 1404 cellulae
554 1369 727 1414 plnrimae
754 1369 966 1403 latiusculae
993 1369 1221 1404 inordinatae
1247 1368 1351 1403 inter
1369 1380 1506 1413 paucas
1526 1380 1645 1413 angu-

107 1427 258 1472 stiores,
286 1439 398 1462 venas
424 1427 548 1461 minus
575 1426 799 1471 conspicuas
825 1426 1045 1470 formantes,
1072 1426 1271 1470 adparent.
1305 1425 1500 1470 Margines
1527 1426 1645 1460 cellu-

105 1485 153 1520 lis
179 1486 438 1520 consimilibus
465 1484 677 1526 oonstituti,
704 1485 772 1519 sub
797 1484 1046 1529 microscopio
1072 1483 1211 1518 leviter
1237 1484 1458 1527 inaequales.

108 1603 171 1643 17.
203 1600 253 1642 N.
285 1600 646 1642 GnmrirnsiANUM
687 1600 831 1653 (Suhr.
865 1600 964 1642 Bot.
998 1600 1104 1642 Zeu.
1128 1614 1174 1653 20.
1208 1601 1310 1656 260)
1351 1601 1497 1654 stipite
1529 1601 1645 1642 elon-

219 1672 319 1723 gato
351 1673 532 1710 cuneato
565 1673 741 1720 costato,
774 1673 892 1712 costa
923 1670 966 1710 in
999 1683 1150 1711 nervos
1182 1669 1346 1711 validos
1378 1669 1646 1712 dichotomo-

218 1751 411 1779 ramosos
444 1751 614 1778 sursum
648 1742 949 1779 evanescentes
980 1741 1244 1786 transeunte,
1269 1737 1422 1779 fronde
1444 1739 1648 1792 elongata

219 1805 762 1858 dichotomo-subpalmata
807 1806 916 1847 lobis
962 1805 1156 1857 oblongis
1188 1805 1380 1858 margine
1412 1805 1646 1858 undulatis,

219 1873 327 1915 soris
358 1873 600 1914 rotundatis
648 1873 930 1927 coccidiisque
968 1873 1185 1925 margines
1225 1873 1455 1915 undulatos
1495 1875 1644 1928 praeci-

219 1956 301 1996 pue
332 1942 653 1995 occupantibus.
699 1940 1008 1996 C'ryptoplewra
1040 1941 1356 1995 Gm'ffitlzsz'ana
1391 1943 1520 1985 Kiztz.
1561 1943 1643 1985 tab.

225 2010 356 2065 Phye.
403 2009 488 2052 Vol.
525 2009 653 2052 XIX
682 2010 766 2051 tab.
798 2011 835 2051 2.

370 2079 479 2121 Hab.
511 2079 566 2120 ad
600 2079 873 2133 Valparaiso.

107 2217 185 2251 16a.
211 2217 257 2251 N.
284 2227 472 2250 CRISPATUM
498 2216 633 2259 (Hoolc.
652 2220 685 2251 et
702 2216 823 2252 Harv.
846 2217 973 2261 Crypt.
992 2221 1204 2262 antarct.p.
1226 2219 1284 2262 77)
1311 2217 1442 2261 stipite
1471 2244 1477 2251 .
1508 2245 1514 2251 .
1543 2222 1647 2253 costa

197 2275 237 2309 in
262 2285 400 2309 nervos
427 2274 572 2309 validos
599 2274 1002 2310 dichotomo-ramosos
1030 2287 1179 2309 sursum
1198 2275 1389 2309 obsoletos
1408 2278 1646 2319 transeunte,

198 2332 331 2366 fronde
358 2334 518 2365 cuneata
543 2332 619 2367 late
646 2344 813 2377 expansa
845 2333 1009 2378 oblonga
1035 2333 1522 2377 dichotomo-subpalmata,
1550 2333 1645 2367 lobis

200 2388 372 2433 margine
410 2388 602 2422 undulatis
641 2389 816 2434 crispatis
857 2393 921 2423 aut
947 2389 986 2423 in
1012 2389 1167 2424 lacinias
1206 2389 1416 2424 conformes
1456 2390 1646 2434 expansis,

199 2446 294 2481 soris
327 2445 642 2491 punctiformibus
681 2459 795 2491 supra
818 2447 995 2492 paginam
1023 2447 1257 2491 superiorem
1284 2446 1438 2490 sparsis,
1466 2446 1582 2481 Hoolc.
1609 2451 1643 2481 et

200 2503 319 2538 Harv.
347 2503 370 2536 Z.
398 2513 426 2536 c.
455 2503 524 2537 tab.
552 2504 606 2537 71.
649 2504 922 2549 Cryptopleum
958 2505 1120 2548 crispata
1162 2504 1274 2538 Kzztz.
1316 2503 1384 2537 tab.
1421 2503 1533 2548 Pitye.
1569 2504 1645 2539 Vol.

201 2561 305 2596 XVI
328 2561 399 2595 tab.
428 2561 482 2594 24.

373 2617 415 2650 In
441 2628 604 2651 oceoano
630 2619 850 2653 antarctico.

200 2674 294 2709 Mihi
332 2674 436 2708 nullo
473 2674 679 2718 specimine
717 2675 938 2709 authentico
974 2674 1140 2719 cognita.
1190 2674 1346 2709 Formas
1386 2675 1566 2718 quasdam
1599 2675 1644 2710 N.

113 2731 339 2766 denticulat1
366 2729 458 2772 vidi,
484 2740 567 2772 quae
595 2731 639 2765 ab
665 2730 772 2767 icone
798 2731 1038 2767 Hookeriana
1075 2742 1206 2776 parum
1245 2731 1448 2775 abludunt3
1475 2734 1514 2766 at
1538 2731 1646 2768 nervi

114 2787 318 2823 dichotomi
346 2786 539 2821 deficiunt.
