1757 3114
122 125 203 165 358
689 123 1073 164 RHODYMENJACEAE.
1437 121 1651 165 Oehtodes.
1683 166 1685 169 Α
1730 142 1736 175 »;

123 238 300 289 [AXXXI.
337 244 603 288 (JCHTODES
638 249 683 293 J.
717 248 798 303 Ay.
830 250 875 290 in*
921 247 1050 291 Be'dr.
1099 245 1261 291 Floricl.
1310 249 1484 303 Systcm.
1521 262 1570 301 1).
1617 249 1653 289 5.

238 319 522 372 Sphceroeoccz·
551 331 615 370 sp.
645 319 692 359 m
721 317 767 359 J.
800 316 881 370 Ay.
915 315 986 369 Sp.

123 448 258 490 Frons
289 447 562 502 cylindracea
591 447 835 488 dichotoma
881 450 956 487 aut
1000 459 1105 499 vage
1149 460 1321 488 ramosa
1366 448 1656 499 maximopere

235 516 474 570 gelatinosa
505 521 547 558 et
578 516 943 569 subcartilaginea
965 514 1189 569 (facillime
1212 515 1463 572 dissoluta);
1490 516 1656 569 juveni-

235 585 286 626 lis
318 584 613 636 subtubulosa,
646 585 729 626 filis
760 582 1122 625 moniliformibus
1161 584 1436 627 verticalibus
1467 584 1522 626 ab
1554 583 1656 626 axili

236 651 413 706 siphone
444 652 796 705 provenientibus
818 652 1072 701 constituta3
1104 651 1293 693 adultior
1314 652 1429 693 intus
1451 651 1658 693 cellulosa

234 719 386 765 farcta,
420 721 559 762 tribus
590 722 679 762 fere
711 722 860 762 stratis
892 722 1145 762 constituta:
1180 721 1284 762 axili
1316 721 1495 774 siphone
1519 721 1657 762 cincto

240 788 480 830 minoribus
512 789 724 830 arcuatim
755 789 868 830 iuter
890 788 1067 829 cellulas
1099 789 1223 829 strati
1244 788 1374 829 medii
1405 789 1660 830 rotundatas

235 857 332 898 laxe
364 856 627 898 cohaerentes
659 857 998 901 excurrentibus,
1046 855 1324 897 corticalibus
1370 856 1453 897 filis
1492 856 1658 898 monili-

235 924 445 967 formibus
476 925 757 967 brevioribus.
822 925 1103 979 Gysstoccmpe'a
1134 926 1178 966 in
1216 925 1404 966 verrucis
1441 938 1552 978 saepe
1584 938 1658 979 ag-

236 995 428 1049 gregatis
459 1008 485 1036 a
515 994 666 1036 fronde
713 995 1039 1048 erumpentibus
1087 995 1270 1041 evoluta,
1318 994 1490 1036 demum
1535 994 1659 1048 quasi

236 1064 352 1104 intra
381 1063 683 1118 pericarpium,
706 1064 899 1104 articulis
930 1062 1092 1104 ultimis
1115 1062 1285 1104 filorum
1306 1062 1658 1104 moniliformium

236 1131 502 1173 radiantium
533 1130 778 1179 confiatunr
813 1131 1029 1173 nucleolos
1060 1131 1217 1185 plures,
1251 1132 1459 1173 columnis
1490 1130 1659 1173 filorum

238 1200 451 1241 sterilium
482 1199 537 1240 ad
569 1203 729 1241 tectum
752 1200 1067 1253 pericarpicum
1090 1200 1416 1242 excurrentibus
1439 1203 1659 1253 separatos

236 1268 439 1319 foventia3
471 1267 655 1309 nucleoli
688 1282 820 1321 supra
850 1268 1107 1322 pedicellum
1139 1269 1433 1322 placentarem
1455 1267 1659 1309 articula-

235 1340 327 1377 tum
359 1337 803 1390 oblongo-rotundati‚
836 1337 1067 1391 gemmidia
1089 1337 1288 1391 plurima,
1310 1336 1547 1378 rotundata
1569 1337 1659 1378 sine

237 1405 386 1447 ordine
418 1407 645 1459 conspicuo
678 1406 948 1455 conglobata,
989 1407 1111 1459 quasi
1143 1419 1267 1447 muco
1313 1405 1502 1447 cohibita
1532 1418 1658 1459 gene-

237 1478 395 1516 rantes.
458 1474 772 1528 Sphcerosporoe
805 1508 812 1515 .
846 1506 853 1513 .
889 1507 896 1514 .
930 1508 936 1515 .

241 1600 411 1643 Fronde
429 1600 609 1656 juvenili
632 1601 819 1642 dissecta
840 1601 1063 1654 siphonem
1085 1600 1363 1642 articulatum
1384 1600 1539 1642 axilem
1561 1601 1658 1652 vidi,

121 1669 204 1711 filis
236 1668 510 1711 corticalibus
541 1668 902 1710 moniliformibus
934 1669 1167 1722 fastigiatis
1206 1669 1303 1710 laxe
1334 1668 1658 1710 circumdatum.

121 1739 259 1781 Frons
290 1739 370 1780 hoc
401 1738 526 1779 modo
566 1739 691 1792 quasi
736 1737 941 1780 tubulosa
985 1738 1143 1779 sensim
1188 1738 1417 1788 solidescit,
1464 1738 1658 1780 articulis

123 1808 292 1850 filorum
323 1808 601 1850 interioribus
633 1808 677 1848 in
708 1806 886 1849 cellulas
918 1808 1055 1862 magis
1087 1807 1343 1849 rotundatas
1373 1808 1657 1849 intumescen-

124 1878 251 1929 tibus,
285 1878 380 1919 aliis
410 1877 493 1918 filis
525 1877 810 1930 sparsissimis
841 1878 953 1919 inter
975 1878 1151 1919 cellulas
1175 1891 1309 1919 vacua
1329 1878 1554 1931 implentes
1587 1893 1658 1919 ex-

124 1946 396 1988 currentibus
428 1950 470 1987 et
501 1945 827 1999 Callophyllidis
849 1947 892 1987 in
914 1946 1089 1987 modum
1111 1946 1490 1987 circumdantibus.
1524 1945 1658 1987 Strati

123 2014 338 2056 corticalis
369 2014 444 2054 fila
475 2002 780 2055 moniliformia
810 2014 853 2054 in
893 2014 1107 2055 adultiore
1139 2013 1290 2055 fronde
1321 2015 1460 2055 minus
1492 2015 1658 2067 conspi-

123 2096 216 2135 cua,
248 2082 443 2123 articulis
488 2083 625 2134 magis
672 2081 849 2123 cellulas
895 2082 1077 2123 seriatas
1123 2081 1438 2123 aemulantibus.
1499 2081 1660 2123 Adulta

125 2151 244 2194 frons
274 2151 355 2194 hoc
386 2151 512 2192 modo
544 2150 749 2192 cellulosa
781 2151 962 2204 adparet
993 2154 1035 2192 et
1065 2150 1214 2197 farcta,
1239 2151 1313 2192 sed
1339 2150 1540 2192 facillime
1572 2151 1658 2192 dis-

126 2221 280 2264 soluta.
343 2220 525 2261 Fructus
570 2219 741 2260 omnino
788 2219 980 2273 ejusdem
1026 2223 1191 2261 naturae
1238 2219 1324 2260 vidi
1370 2233 1419 2260 ac
1450 2233 1520 2261 eos
1552 2233 1658 2273 quos

125 2291 170 2331 in
190 2288 366 2331 Desmia
387 2287 616 2341 descripsi:
648 2301 835 2329 verrucae
859 2290 1002 2328 autem
1024 2288 1224 2336 minores,
1247 2288 1377 2329 dense
1399 2291 1657 2342 aggregatae,

122 2357 296 2399 demum
326 2356 484 2410 plures,
516 2361 565 2397 ut
594 2355 779 2403 videtur„
811 2354 1085 2397 confluentes.

237 2436 407 2489 Species
438 2435 560 2484 duas,
592 2434 734 2476 fructu
765 2435 870 2476 mihi
901 2435 1059 2489 ignota
1093 2436 1149 2477 ad
1171 2435 1331 2478 calcem
1364 2435 1657 2489 Sphaerococci

124 2504 293 2558 generis
314 2504 357 2545 in
380 2503 450 2556 Sp.
475 2503 567 2555 Alg.
590 2503 795 2557 disposui,
819 2505 1042 2557 supposita
1062 2505 1188 2545 unius
1211 2519 1307 2545 cum
1329 2503 1656 2546 Chondrococco

124 2573 315 2615 filiformi
345 2572 471 2614 Kiitz.
503 2573 741 2615 identitate.
783 2573 937 2614 Postea
960 2587 1081 2614 suam
1114 2575 1297 2627 speciem
1328 2575 1447 2615 icone
1480 2574 1584 2615 data
1614 2574 1657 2614 in

131 2641 234 2683 Ταῦ.
272 2640 406 2694 Phyc.
451 2640 538 2682 Vol.
583 2641 629 2681 X
641 2640 736 2683 VI]
766 2641 847 2683 tab.
881 2642 932 2682 95
979 2641 1215 2683 illustravit
1260 2641 1461 2694 Kiitzing,
1508 2641 1657 2682 addita

126 2709 291 2764 analysi
324 2712 565 2759 structurae,
597 2722 692 2762 quae
723 2709 766 2750 in
804 2709 922 2750 illam
969 2709 1085 2751 haud
1129 2711 1236 2752 bene
1282 2709 1481 2763 quadrat,
1526 2723 1656 2762 quam

120 2778 210 2831 jam
245 2777 350 2818 1852
383 2781 540 2818 nostrae
582 2777 835 2819 tribueram.
895 2776 1086 2831 Speciem
1132 2778 1465 2831 Ki'itzingianam
1510 2778 1656 2832 itaque

126 2845 340 2887 diversam
371 2844 643 2887 considerare
673 2845 815 2887 debui.
