1757 3114
102 108 293 152 Delisea.
701 105 966 148 CHONDRIEAE.
1553 104 1631 145 669

101 236 178 263 san
210 222 425 276 quispiam
458 221 649 263 haberet.
690 220 767 261 His
800 219 1068 273 prolongatis
1100 231 1262 271 organa
1292 218 1395 259 oriri
1427 218 1629 270 suspicor.

101 304 195 344 quae
228 290 359 331 ramis
390 289 636 330 divaricatis
668 288 901 329 constituta
929 287 972 327 in
994 285 1112 339 Spec.
1135 286 1226 340 Alg.
1249 300 1288 339 p.
1310 287 1390 326 778
1412 285 1630 338 descripsi.

101 362 194 410 Qua
227 358 399 412 quidem
431 358 727 399 observatione
758 356 905 397 forsan
943 354 1197 395 concludere
1241 354 1389 395 liceret
1433 354 1632 395 observa-

100 427 260 467 tionem
292 426 518 467 Deeaisnei
551 426 601 466 de
633 423 943 478 sphaerosporis
975 423 1017 462 in
1063 422 1209 463 eodem
1255 417 1491 463 ke'ramidio
1537 435 1631 462 cum

101 495 341 548 gemmidiis
386 495 735 548 provenientibus
775 493 900 533 aliter
939 491 1235 544 explicandam
1273 505 1382 538 esse:
1415 504 1550 543 neque
1588 490 1632 530 in

100 563 473 610 Bonnemaisonia.
506 562 640 615 magis
672 575 800 615 quam
832 560 874 600 ia
905 559 1000 600 aliis
1034 558 1252 607 Florideis,
1285 573 1447 613 organa
1478 558 1632 599 diversi

97 631 269 683 generis
301 631 343 671 in
374 631 522 671 eodem
553 630 773 670 individuo
805 627 1056 668 normaliter
1087 627 1298 668 obvenire.
1341 626 1503 677 Quibus
1535 640 1632 666 vero

101 698 297 740 omnibus
330 699 523 751 sequitur
555 711 684 750 quam
716 697 801 738 sint
831 696 997 736 incerta
1028 708 1090 745 ea,
1122 708 1216 747 quae
1248 694 1299 735 de
1331 694 1632 735 Bonnemaiso-

102 767 174 807 nia
206 766 412 806 novimus.

215 834 355 885 Quum
387 836 430 875 in
461 834 821 875 Bonnemaisonia
860 831 1146 873 evolutionum
1186 829 1531 871 Keramidiorum
1570 829 1632 870 fa-

101 904 225 945 cilius
257 918 386 958 quam
417 905 461 945 in
493 902 638 944 multis
669 902 764 943 aliis
786 901 907 954 sequi
928 900 1067 949 liceat,
1100 898 1357 951 adparatum
1388 897 1634 951 trichopho-

104 972 253 1022 ricum,
286 985 412 1025 quem
445 971 776 1024 descripserunt⁷
808 969 852 1010 in
883 969 961 1009 hoc
992 967 1181 1008 invenire
1212 980 1495 1019 speraveram.
1546 965 1634 1006 Ali-

103 1040 275 1093 quando
320 1039 428 1092 pilos
474 1039 745 1080 tenuissimos
777 1051 802 1078 a
834 1036 1072 1078 keramidio
1114 1035 1296 1088 juvenili
1340 1035 1634 1087 provenientes

102 1108 247 1150 videre
278 1107 454 1158 credidi,
487 1107 559 1148 sed
590 1107 633 1148 in
664 1106 759 1147 aliis
780 1106 939 1156 nullos3
972 1118 1078 1158 quos
1100 1103 1184 1144 vidi
1206 1117 1304 1144 vero
1328 1103 1411 1144 situ
1434 1107 1475 1143 et
1496 1102 1634 1143 forma

102 1177 164 1218 ita
193 1190 347 1229 parum
379 1177 614 1225 distinctos,
647 1180 695 1217 ut
716 1175 878 1216 nullam
909 1173 1221 1215 conclusionem
1254 1186 1304 1213 ex
1335 1173 1386 1213 iis
1425 1172 1634 1212 deducere

103 1245 320 1286 auderem.
363 1244 411 1285 In
443 1244 747 1298 speciminibus
779 1242 1065 1284 adultioribus
1098 1254 1209 1294 saepe
1240 1241 1349 1293 pilos
1380 1239 1514 1280 multo
1544 1253 1634 1280 ma-

105 1314 168 1367 gis
200 1313 423 1354 distinctos
454 1312 552 1361 vidi,
586 1317 627 1353 et
659 1312 831 1365 quidem
852 1311 929 1368 hos
951 1310 1248 1363 provenientes
1271 1322 1322 1350 ex
1343 1308 1520 1350 reticulo
1543 1308 1635 1349 filo-

103 1396 214 1433 rum,
247 1381 361 1422 infra
391 1381 570 1423 cellulas
601 1381 824 1422 corticales
856 1383 1079 1434 praesente,
1111 1378 1225 1432 quod
1256 1393 1352 1432 pag.
1385 1379 1466 1419 778
1498 1379 1539 1419 in
1565 1378 1633 1431 Sp.

102 1450 195 1502 Alg.
227 1449 447 1502 descripsi.
508 1449 572 1491 Ex
603 1450 705 1502 ipsis
736 1448 923 1502 organis,
956 1461 1050 1501 quae
1083 1447 1162 1488 sub
1194 1446 1536 1487 antheridiorum
1560 1461 1633 1486 no-

99 1519 212 1560 mine
243 1517 473 1571 descripsit
504 1517 700 1570 Magnus,
733 1530 845 1557 nunc
883 1530 1053 1570 quoque
1098 1515 1206 1569 pilos
1251 1515 1557 1568 provenientes,
1590 1519 1636 1556 at

106 1587 361 1633 rarissimos,
396 1586 539 1627 videre
571 1585 745 1627 credidi.

102 1705 138 1745 1.
170 1703 215 1743 B.
249 1704 557 1743 ASPARAGOIDES
589 1701 807 1756 (Woodw.
839 1703 883 1743 in
916 1701 1014 1742 Lm.
1052 1700 1208 1742 Traus.
1242 1700 1298 1741 I]
1320 1714 1366 1752 p.
1398 1700 1452 1740 20
1483 1699 1565 1741 tab.
1589 1700 1634 1754 (3)

214 1771 365 1812 fronde
397 1769 588 1811 filiformi
629 1770 809 1811 distiche
847 1769 1348 1822 decomposito—pinnata,
1386 1767 1525 1821 pinnis
1565 1782 1634 1808 su-

214 1853 344 1893 perne
383 1838 603 1891 plumosis,
636 1838 833 1891 pinnellis
865 1837 1127 1891 simplicibus
1160 1841 1201 1878 et
1236 1836 1486 1878 keramidiis
1517 1836 1635 1888 pedi-

214 1907 379 1949 cellatis
410 1908 632 1961 oppositis,
662 1908 705 1948 in
736 1907 885 1949 eodem
930 1906 1064 1948 latere
1111 1906 1439 1947 alternantibus.
1473 1904 1518 1947 J.
1554 1904 1633 1956 As!-

218 1976 289 2029 Sp.
313 1990 360 2029 p.
393 1977 488 2017 779.
523 1975 667 2018 Fames
690 1975 1014 2028 Asparaqoides
1045 1974 1231 2017 Woodw.
1255 1973 1280 2015 l.
1302 1986 1332 2014 c.
1360 1973 1490 2015 Turn.
1516 1972 1633 2015 Hist.

215 2045 295 2086 tab.
332 2045 421 2086 101.
455 2044 661 2086 Bomzem.
685 2043 1010 2096 Asparayoz‘des
1033 2041 1077 2085 Ο.
1102 2043 1207 2096 Αῃ.,·
1240 2041 1362 2083 Grcv.
1387 2042 1484 2094 Azy.
1519 2041 1635 2082 Brit.

215 2113 298 2154 tab.
332 2113 394 2153 13.
428 2112 565 2155 Harv.
602 2111 727 2166 Phye.
760 2112 841 2153 tab.
874 2114 937 2152 51.
974 2112 1102 2152 Krete.
1142 2111 1210 2153 tab
1253 2110 1380 2163 Phyle.
1425 2109 1512 2151 Vol.
1550 2106 1643 2150 XV

218 2181 300 2221 tab.
333 2180 396 2220 32.

217 2248 325 2289 Hab.
357 2248 412 2289 ad
443 2248 591 2290 littora
622 2247 836 2301 Europaea
866 2248 1013 2290 oceani
1044 2247 1238 2289 atlantici
1271 2250 1311 2287 et
1342 2245 1472 2286 maris
1501 2244 1633 2286 medi-

367 2317 568 2357 terranei.

104 2502 291 2553 (ῚιΧΠΙ.
328 2504 548 2551 DELISEA
587 2501 789 2546 Lamom:
820 2502 865 2546 J.
898 2502 977 2556 Ay.
1013 2503 1084 2556 Sp.
1113 2517 1155 2556 p.
1187 2504 1278 2544 779.

105 2617 239 2659 Frons
272 2617 551 2658 teretiuscula
581 2621 656 2658 aut
687 2631 1109 2672 compresso-anceps
1131 2615 1632 2670 decomposito-pinnata,

218 2686 383 2727 alterne
416 2687 831 2739 serrato-pectinata,
864 2686 960 2739 plus
1005 2686 1145 2726 minus
1188 2685 1414 2738 conspicue
1455 2688 1632 2734 costata,

220 2755 367 2796 stratis
399 2753 538 2795 tribus
570 2754 821 2795 constituta:
855 2755 958 2795 tubo
991 2752 1170 2793 centrali
1202 2751 1366 2793 cellulis
1397 2751 1633 2793 minoribus

219 2823 378 2871 cinct03
411 2825 547 2862 strato
578 2822 831 2864 intermedio
862 2821 1026 2862 cellulis
1057 2820 1223 2873 magnis
1244 2819 1632 2873 rotumlato-angu-
