1757 3114
119 99 398 142 Stenoeladia.
672 100 1089 141 SPHAEROCOOGOIDEAE.
1561 100 1639 139 441

229 213 351 266 quasi
382 216 502 254 costa
532 212 699 254 elevata
729 214 951 259 instructa,
975 226 1001 253 a
1022 212 1217 265 margine
1238 213 1450 265 pinnatim
1472 212 1642 253 decom-

226 282 379 335 posita,
412 282 662 324 rachidibus
693 283 931 324 linearibus
962 281 1124 323 strictis
1169 295 1302 335 supra
1346 281 1499 335 pinnas
1534 281 1643 322 late-

226 349 338 391 rales
369 350 666 402 eminentibus,
706 351 847 404 pinnis
885 349 1047 391 ultimis
1087 363 1218 403 supra
1255 350 1404 391 basem
1441 349 1643 390 teretius-

225 417 365 459 culam
396 432 494 460 mox
525 418 991 472 spathulato-dilatatis
1022 417 1195 459 demum
1225 417 1477 470 linearibus,
1501 421 1642 472 cysto-

225 487 380 540 carpiis
428 502 549 529 secus
595 489 812 542 margines
858 487 1027 529 seriatis
1074 486 1296 529 sessilibus
1333 486 1534 541 globosis.
1583 485 1642 528 St.

223 556 415 609 cowferta
443 570 535 597 var.
559 556 754 607 Harveyz·
776 554 818 597 J.
850 555 929 608 Ay.
966 555 1131 597 Florid.
1167 555 1278 608 Syst.
1300 569 1347 608 p.
1370 556 1435 596 45.
1467 554 1641 597 Arescla.

222 623 411 677 conferta
458 624 594 666 Harv.
631 623 759 678 Phyc.
805 627 938 666 (castr.
984 623 1066 665 tab.
1115 625 1203 666 166.
1249 637 1326 665 see.
1368 625 1471 666 icon.
1517 622 1642 676 (excl.

220 690 403 747 formis).

220 771 330 813 Hab.
362 772 416 813 ad
447 772 611 814 Novam
643 772 920 814 Hollandiam
951 772 1187 814 australem
1219 776 1262 814 et
1293 772 1612 815 occidentalem.

200 865 343 899 Nomen
371 864 623 899 Stenocladiae
651 865 832 899 confertae
858 864 1010 899 omnino
1042 865 1194 899 abolere
1232 864 1360 899 forsan
1399 864 1511 898 hodie
1547 864 1644 909 opti-

110 932 209 955 mum
237 921 299 955 sit.
348 921 499 965 Harvey
520 921 597 965 jam
624 922 715 956 duas
754 922 899 967 species
938 922 1005 956 sub
1043 922 1113 956 hoc
1149 921 1301 955 nomine
1328 921 1502 956 confusas
1527 921 1644 956 fuisse

108 977 292 1012 indicavit
317 977 592 1022 (Nizymeniam
619 982 657 1013 et
681 979 842 1013 Aresch.
869 978 1077 1013 confertam
1096 978 1135 1012 in
1154 978 1269 1023 Phyc.
1291 979 1450 1013 australi
1476 978 1645 1013 delinea-

108 1038 214 1079 tam).
250 1035 357 1069 Hanc
383 1037 507 1069 autem
534 1036 656 1079 quoad
682 1036 832 1079 plantas
859 1035 1009 1079 citatas,
1037 1034 1158 1069 adhuc
1185 1035 1276 1069 duas
1303 1035 1449 1080 species
1476 1047 1645 1081 compre-

107 1092 290 1135 hendere,
312 1092 388 1137 jam
415 1095 527 1126 antea
559 1092 757 1134 adnotavi:
795 1092 948 1126 tertiam
986 1092 1168 1137 (speciem
1207 1092 1495 1138 Sonderianam)
1532 1093 1645 1128 hodie

107 1148 328 1184 distinctam
352 1160 564 1194 proponere
590 1161 701 1183 ausus
729 1162 823 1184 sum.

89 1244 145 1283 ¹5.
177 1241 241 1284 ST.
274 1241 541 1283 SONDnmANA
573 1241 635 1295 (J.
669 1243 749 1295 Ay.
781 1245 929 1299 mser.)
960 1242 1111 1284 fronde
1152 1256 1284 1296 supra
1322 1243 1513 1296 stipitem
1545 1243 1643 1285 bre-

218 1310 388 1352 vissime
419 1310 747 1352 teretiusculum
786 1325 884 1352 mox
924 1310 1199 1364 complanata
1236 1314 1280 1352 et
1316 1310 1645 1368 (exsiccatione)

219 1394 404 1433 superne
435 1379 565 1433 plana
610 1381 733 1434 quasi
780 1384 901 1422 costa
932 1380 1098 1421 elevata
1129 1380 1355 1430 instructa,
1389 1393 1415 1421 a
1444 1381 1643 1434 margine

219 1449 432 1503 pinnatim
464 1448 767 1502 decomposita,
816 1463 1001 1502 superne
1048 1448 1643 1504 subcorymboso-fastigiata,

188 1509 191 1511 ³
217 1517 469 1559 rachidibus
501 1517 820 1559 sublinearibus
858 1517 1060 1559 flexuosis
1100 1531 1233 1571 supra
1262 1518 1416 1571 pinnas
1446 1522 1644 1571 patentes

216 1587 286 1628 vix
317 1586 616 1637 eminentibus,
649 1586 790 1639 pinnis
822 1586 917 1627 basi
938 1585 1071 1639 plana
1092 1589 1326 1639 angustata
1347 1600 1443 1627 cum
1465 1586 1642 1628 rachidc

217 1654 455 1708 conjunctis
486 1653 737 1701 linearibus,
770 1654 1049 1708 cystocarpiis
1083 1667 1204 1695 secus
1232 1655 1450 1708 margines
1474 1655 1644 1696 seriatis

217 1722 440 1764 sessilibus
471 1722 672 1775 globosis.
705 1722 932 1765 Gimmm'a
964 1722 1175 1764 australis
1209 1722 1338 1764 δοκεῖ.
1369 1724 1415 1764 in
1448 1722 1581 1764 Mohl.
1603 1727 1640 1764 et

223 1791 330 1834 Schl.
354 1791 453 1833 Bot.
477 1791 583 1833 Zeit.
613 1791 877 1845 Halmnem‘a
899 1791 1110 1833 australis
1135 1790 1261 1834 Sond.
1287 1792 1334 1833 in
1354 1790 1452 1845 Azy.
1481 1789 1641 1833 Preiss.

207 1875 255 1913 p.
287 1861 352 1901 26.

219 1940 328 1982 Hab.
362 1940 417 1982 ad
447 1939 611 1982 Novam
657 1940 935 1982 Hollandiam
967 1939 1293 1991 occidentalem3
1325 1953 1347 1981 e
1386 1940 1644 1995 Geographe

367 2009 452 2063 bay
483 2009 577 2050 mis.
611 2009 656 2050 F.
689 2009 741 2050 de
775 2007 976 2051 Mueller!

195 2089 342 2134 Speciei
369 2090 433 2124 diu
459 2090 623 2125 confusae
650 2090 801 2124 demum
828 2089 1037 2134 specimina
1069 2100 1272 2124 numerosa
1303 2092 1342 2123 et
1367 2090 1465 2124 bene
1492 2091 1646 2125 evoluta

102 2146 232 2180 videre
258 2146 434 2192 contigit.
482 2147 574 2181 Haec
600 2147 766 2192 speciem
799 2146 1132 2181 distinctissimam
1167 2157 1250 2180 esse
1283 2145 1432 2180 facilius
1466 2147 1643 2191 probant,

102 2203 388 2238 characteribus
415 2207 542 2238 autem
567 2206 612 2240 ab
640 2204 812 2239 affinibus
845 2215 948 2249 aegre
981 2203 1381 2238 circumscribendam.
1432 2203 1523 2237 Cum
1549 2205 1643 2238 Are-

103 2261 284 2306 schougia
308 2260 469 2306 ligulata
495 2261 660 2306 speciem
687 2261 960 2296 Sonderianam
986 2260 1192 2295 identicam
1220 2271 1303 2294 esse
1323 2259 1459 2294 statuit
1476 2260 1642 2306 Harvey,

102 2322 141 2353 et
165 2318 254 2352 hinc
280 2329 418 2353 nomen
445 2330 521 2353 suae
548 2319 689 2364 plantae
717 2320 970 2365 aptissimum,
996 2318 1086 2353 olim
1113 2319 1256 2361 datum,
1282 2317 1322 2350 in
1340 2318 1641 2364 Areschougiam

102 2376 308 2410 australem
333 2376 509 2410 mutavit.
557 2377 686 2411 Missis
712 2377 922 2412 minoribus
950 2378 1155 2411 structurae
1183 2374 1426 2418 differentiis,
1447 2375 1559 2411 hodie
1578 2389 1641 2421 pa-

102 2435 159 2466 tet
184 2433 342 2467 Aresch.
369 2431 582 2477 ligulatam,
609 2435 713 2478 cujus
741 2434 981 2479 cystocarpia
1010 2433 1110 2467 infra
1134 2431 1293 2477 paginas
1330 2431 1462 2475 planas
1500 2433 1642 2478 glome-

102 2489 214 2523 ratim
240 2500 426 2533 suspensa
457 2500 541 2523 esse
579 2491 776 2535 cognitum
807 2495 879 2535 est,
913 2502 996 2525 cum
1034 2488 1260 2533 Halymenia
1296 2488 1455 2522 australi
1493 2490 1638 2525 Sonde-

101 2546 220 2590 riana,
247 2546 353 2590 cujus
379 2547 615 2591 cystocarpia
639 2548 865 2594 marginalia
893 2551 931 2582 et
957 2550 1115 2582 externe
1142 2544 1356 2590 prominula
1386 2544 1478 2589 vidi,
1516 2549 1639 2582 neuti-

101 2615 213 2647 quam
237 2603 444 2638 identicam
471 2615 567 2638 esse.
601 2605 686 2649 Ipse
705 2606 807 2649 dein,
828 2605 981 2641 condito
1007 2604 1153 2639 Genere
1180 2602 1447 2646 Stenocladiae,
1474 2605 1640 2648 speciem

103 2660 371 2695 Sonderianam
398 2661 445 2694 ad
469 2661 539 2695 hoc
566 2661 806 2697 referendum
833 2662 978 2707 putavi,
1018 2664 1130 2704 atque
1169 2669 1253 2692 cum
1290 2657 1410 2691 forma
1447 2670 1554 2702 quam
1584 2662 1638 2697 St.

101 2717 310 2752 confertam
328 2728 406 2752 var.
433 2716 589 2751 Cliftoni
608 2718 864 2763 denominavi,
882 2719 1009 2753 forsan
1029 2718 1304 2762 congruentem
1324 2714 1437 2749 dubio
1464 2717 1640 2761 adposito

101 2773 279 2809 indicavi.
327 2774 450 2809 Hodie
487 2785 584 2808 nova
618 2776 710 2809 mihi
738 2777 863 2822 specie
890 2788 908 2810 e
935 2773 1251 2820 Geographe-bay
1275 2769 1406 2815 missa,
1433 2771 1529 2808 hanc
1555 2786 1639 2812 eum

102 2831 227 2876 specie
253 2830 485 2867 Sonderiana
509 2841 719 2877 congruere
745 2833 886 2868 certius
913 2832 1082 2868 indicare
1108 2831 1276 2866 audeam.
