1757 3114
97 145 177 185 226
737 143 1020 185 GIGARTINEAE.
1063 156 1070 160 ‘
1345 140 1632 186 Microcoelvta.

98 256 135 297 3.
168 255 212 297 C.
243 270 345 298 nosA
377 271 535 298 MARINA
581 255 734 309 (Gmel.
781 256 898 297 Hefst.
949 254 1051 297 Fue.
1087 269 1135 308 p.
1177 256 1254 297 102
1287 257 1368 298 tab.
1412 257 1457 298 V.
1477 258 1554 311 fiy.
1587 258 1633 312 2)

210 326 332 366 caule
363 325 489 366 tereti
519 338 689 366 ramoso
721 323 941 374 annulato,
975 323 1217 365 interstitiis
1258 325 1469 366 diametro
1501 325 1632 378 duplo

210 394 479 448 longioribus
511 393 692 435 annulos
725 393 1038 446 separantibus,
1079 406 1301 435 ramorum
1340 394 1512 435 laminis
1542 392 1633 447 ple-

210 476 394 516 rumque
439 462 636 515 pluribus
681 461 921 515 perfoliatis
969 461 1284 503 orbicularibus
1329 462 1505 516 peltatis
1536 475 1634 503 mox

214 531 268 571 ad
299 534 496 571 centrum
527 544 663 584 usque
693 530 920 570 laciniatis.
953 529 998 570 J.
1031 529 1113 582 Ay.
1149 529 1219 582 Sp.
1242 544 1290 582 10.
1322 531 1416 571 295.
1454 530 1567 571 Post.
1598 533 1637 571 et

214 600 349 652 Rupit
374 599 447 641 Ill.
470 599 552 641 tab.
578 598 997 640 XXX!.K27172‘72.mh.
1020 597 1150 651 Plzgyc.
1180 598 1268 640 Vol.
1296 598 1453 641 XVII
1469 599 1551 640 tab.
1569 599 1634 639 83.

366 667 693 709 Kamtschatka.

97 856 244 906 Xfflss.
283 858 629 906 MICROCOELIA
665 866 712 908 J.
744 867 824 920 Ay.
857 880 982 907 mser.

97 984 235 1025 Frons
267 983 712 1036 gelatinoso-carnosa
750 981 881 1035 plana
919 982 963 1022 in
995 981 1293 1023 membranam
1324 981 1411 1023 late
1442 995 1633 1035 expansa

210 1053 429 1104 laciniata,
454 1054 605 1095 stratis
627 1053 797 1095 duobus
829 1053 1085 1103 constituta,
1117 1052 1336 1093 interioris
1367 1051 1534 1093 cellulis
1565 1067 1634 1094 ro-

212 1123 407 1163 tundatis
427 1123 595 1176 magnis
618 1122 920 1175 plui-iseriatis,
945 1120 1192 1174 superficies
1214 1134 1362 1161 versus
1384 1121 1635 1172 minoribus,

213 1192 455 1244 parietibus
488 1191 737 1245 gelatinosis
768 1191 838 1232 vix
870 1190 1110 1244 conspicuis
1156 1189 1422 1243 reticuloque
1465 1190 1636 1232 filorum

211 1260 563 1301 tenuissimorum
594 1260 1010 1301 anastomosantium
1041 1258 1218 1300 cellulas
1257 1259 1540 1300 ambientium
1571 1273 1636 1300 se-

211 1330 390 1382 paratis,
436 1328 519 1370 filis
566 1329 990 1370 anastomosantibus
1029 1329 1073 1368 in
1103 1327 1177 1369 fila
1221 1328 1369 1370 brevia
1413 1328 1637 1370 verticalia

211 1398 520 1439 moniliformia
551 1398 679 1439 strati
711 1398 927 1439 corticalis
960 1397 1227 1439 abeuntibus.
1291 1396 1572 1451 Cystoearpia
1593 1398 1636 1438 in

212 1466 356 1507 media
386 1466 539 1508 fronde
570 1467 787 1516 immersa,
818 1465 1017 1507 nucleum
1049 1466 1345 1519 compositum,
1390 1465 1520 1518 plexu
1565 1479 1635 1518 pe-

212 1535 368 1576 culiari
397 1535 570 1576 filorum
602 1535 886 1577 ambientium
918 1535 1154 1585 definitum,
1193 1534 1461 1587 disruptione
1500 1534 1636 1588 partis

212 1603 386 1644 demum
416 1603 662 1652 liberatum,
695 1604 901 1654 foventia3
935 1603 1120 1644 nucleoli
1151 1603 1267 1644 intra
1288 1603 1466 1644 cellulas
1488 1606 1636 1644 rotun-

213 1672 338 1713 datas
371 1673 498 1713 strati
529 1672 747 1713 interioris
780 1670 940 1725 singuli
970 1671 1144 1724 recepti,
1176 1670 1346 1724 filisque
1377 1671 1636 1724 placentari-

214 1741 295 1781 bus
325 1740 590 1782 reticulatim
621 1740 908 1782 ambientibus
939 1740 1120 1780 invicem
1152 1739 1367 1793 disjuncti,
1400 1739 1635 1789 rotundati,

211 1808 444 1860 gemmidia
477 1809 684 1862 pauciora
722 1807 1189 1861 rotundato-angulata
1226 1808 1316 1849 sine
1356 1808 1505 1850 ordine
1536 1821 1636 1849 con-

210 1878 356 1930 spicuo
387 1877 644 1931 conglobata
674 1877 953 1920 continentes„
1016 1875 1331 1929 Sphoerosporce
1364 1909 1372 1917 .
1404 1910 1412 1917 .
1445 1910 1453 1917 .
1486 1909 1494 1916 .

212 1982 374 2033 Genus,
407 1983 451 2023 ni
481 1982 624 2033 fallor,
658 1982 724 2023 sui
749 1982 873 2036 juris,
907 1981 1050 2034 quoad
1081 1980 1333 2033 adspectum
1353 1980 1635 2035 Kallymeniae

97 2052 158 2092 ita
189 2065 443 2105 congruens,
476 2055 523 2091 ut
554 2051 814 2104 quicumque
844 2050 1031 2104 typicam
1052 2049 1248 2102 plantam
1270 2049 1437 2101 viderit,
1460 2049 1528 2091 vix
1550 2063 1635 2090 non

99 2121 247 2161 statim
279 2120 464 2174 speciem
496 2119 713 2173 quandam
748 2118 1030 2172 Kallymeniae
1062 2118 1105 2158 in
1136 2118 1211 2158 illa
1242 2131 1497 2171 cognoscere
1543 2131 1633 2159 cre-

98 2189 271 2230 diderit.
311 2188 509 2230 Dissecta
539 2202 639 2229 vero
670 2189 842 2229 omnino
874 2188 1004 2228 aliam
1036 2190 1300 2228 structuram
1322 2186 1458 2235 offert,
1481 2200 1633 2239 nempe

98 2257 365 2312 Polycoeliae,
397 2257 459 2297 ita
489 2270 588 2297 vero
619 2260 832 2297 mutatam
863 2259 913 2297 ut
943 2256 1044 2296 dum
1066 2255 1110 2295 in
1132 2255 1213 2296 hac
1241 2254 1405 2296 cellulae
1437 2255 1634 2297 maximae

98 2326 326 2367 interiores
359 2325 488 2365 unica
518 2325 629 2365 serie
660 2338 757 2365 cum
794 2323 923 2377 plano
958 2322 1125 2364 frondis
1161 2322 1374 2376 parallela
1404 2323 1633 2376 disponan-

98 2400 183 2445 tur,
225 2394 369 2436 adsint
406 2394 450 2434 in
482 2393 754 2434 Microcoelia
785 2392 949 2434 cellulae
988 2393 1174 2433 minores
1213 2396 1255 2433 et
1286 2406 1363 2445 per
1392 2391 1538 2445 plures
1569 2405 1634 2433 se-

99 2464 185 2504 ries
217 2477 313 2503 cum
343 2461 473 2515 plano
505 2462 669 2503 frondis
700 2460 935 2515 parallelas
966 2461 1198 2515 dispositae.
1259 2460 1350 2501 Hoc
1380 2460 1505 2501 modo
1537 2458 1634 2501 Cal-

100 2530 350 2585 lophyllidis
389 2534 653 2571 structuram
684 2530 720 2570 si
751 2530 847 2583 quis
879 2529 922 2570 in
953 2533 1103 2571 nostra
1139 2532 1445 2584 suspicaretur,
1477 2529 1634 2571 afferre

98 2599 220 2640 lubet
251 2598 428 2640 cellulas
460 2597 787 2652 Callophyllidis
819 2611 910 2638 esse
941 2598 1180 2650 parietibus
1211 2601 1279 2639 sat
1298 2597 1433 2639 firmis
1454 2598 1634 2639 invicem

99 2667 330 2708 distinctas
363 2671 405 2707 et
435 2667 548 2707 inter
579 2666 767 2719 parietes
790 2664 1044 2707 cellularum
1066 2666 1302 2708 vicinarum
1323 2665 1447 2719 quasi
1468 2668 1634 2706 meatus

99 2734 400 2775 intercellares
446 2734 738 2788 triangulares
789 2734 1078 2785 introductos;
1133 2735 1176 2775 in
1221 2733 1491 2775 Microcoelia
1534 2747 1633 2774 vero

102 2803 290 2854 parietes
322 2801 576 2843 cellularum
606 2803 668 2843 ita
697 2802 785 2843 laxi
817 2806 859 2844 et
889 2802 1117 2855 gelatinosi
1154 2807 1202 2844 ut
1238 2801 1460 2856 aegerrime
1501 2802 1633 2854 adpa-

100 2874 226 2912 reant
257 2871 387 2911 etiam
414 2870 532 2924 jodio
564 2870 782 2923 adposito:
815 2870 992 2913 cellulas
1023 2875 1181 2923 tamon,
1214 2884 1289 2911 nec
1320 2870 1497 2913 lacunas
1529 2884 1633 2922 esse,
