1757 3114
105 73 446 128 Neuroylossum.
740 71 1042 112 DELESSEROEAE.
1542 66 1590 106 47
1601 66 1624 106 3

103 185 349 240 Nitophyllo
381 185 466 225 sive
496 183 613 225 frons
645 184 806 232 avenia,
846 183 931 224 sive
962 194 1129 228 venosa,
1162 180 1325 221 cellulae
1357 178 1522 220 cellulis
1554 192 1624 219 su-

102 255 330 309 perpositae
362 253 571 302 videntur,
604 251 692 294 fere
714 265 833 305 aeque
855 263 1034 303 magnae,
1058 249 1209 290 intima
1231 248 1338 290 serie
1362 246 1625 288 subdiversa.

103 323 151 364 In
184 320 471 373 Neuroglosso
503 320 667 361 cellulae
698 320 920 361 interiores
952 317 1153 370 majores3
1192 316 1425 358 exteriores
1471 314 1627 356 sensim

104 394 344 433 extrorsum
376 388 670 442 magnitudine
701 388 952 429 decrescunt
989 398 1040 425 ea
1070 398 1233 434 norma,
1265 388 1313 425 ut
1342 383 1520 438 geminae
1553 385 1629 423 aut

104 463 324 513 quaternae
357 458 588 499 exteriores
620 456 798 510 singulis
829 453 1104 496 interioribus
1125 453 1426 506 respondeant.
1470 450 1628 505 Super-

103 527 218 568 ficies
249 527 291 567 in
322 525 609 579 Neuroglosso
654 526 799 578 itaque
845 521 1008 563 cellulis
1054 521 1302 571 minoribus,
1343 520 1524 562 binatim
1555 523 1632 560 aut

106 595 397 650 quaternatim
429 595 665 649 conjunctis
697 593 891 634 areolata
921 591 1131 641 cernitur3
1177 604 1292 631 venae
1340 588 1631 643 superficiales

106 664 234 705 etiam
266 677 397 716 supra
427 667 593 716 partem
624 662 908 703 incrassatam
947 662 1158 700 costatam
1192 657 1320 699 nullae
1360 657 1531 698 omnino
1568 656 1633 711 (in

108 732 246 785 specie
278 731 470 784 cognita)
500 731 724 783 adparent.

109 838 145 878 1.
176 836 225 878 N.
258 836 556 877 BINDEffiANUM
587 834 741 889 (Kirra.
769 832 898 886 Phyc.
913 845 960 884 p.
984 831 1086 885 446>
1108 828 1229 870 caule
1251 842 1422 870 sursum
1443 828 1633 882 planato,

219 907 345 946 eostae
379 902 610 944 indefinitae
642 901 863 959 adinstar
894 913 970 953 per
1000 898 1206 939 laminam
1251 911 1421 939 sursum
1464 896 1635 950 longius

219 972 480 1021 continuato,
512 970 662 1012 fronde
692 968 978 1011 erassiuscula
1009 966 1249 1008 dichotome
1280 969 1356 1006 aut
1387 965 1635 1018 subpalma-

220 1043 297 1084 tim
327 1042 542 1091 laciniata,
575 1055 600 1082 a
630 1040 823 1093 margine
854 1041 929 1079 aut
958 1038 1074 1078 intra
1094 1036 1334 1087 marginem
1355 1034 1513 1089 phyllis
1535 1048 1635 1087 pro-

221 1110 482 1152 lificantibus
520 1109 712 1151 obovatis
750 1108 921 1148 demum
967 1104 1301 1147 sublanceolatis
1332 1103 1496 1153 foliosa,
1528 1102 1636 1144 soris

222 1179 466 1221 rotundatis
511 1179 645 1219 lineas
691 1177 866 1218 latiores
911 1173 1291 1228 intramarginales
1337 1171 1637 1222 formantibus,

223 1247 419 1289 coceidiis
465 1247 508 1288 in
552 1246 708 1288 foliolis
760 1243 1071 1298 marginalibus
1124 1241 1361 1296 majoribus
1412 1240 1637 1282 immersis.

226 1318 354 1359 Kritz.
387 1316 412 1357 l.
445 1329 475 1357 c.
508 1315 590 1357 tab.
622 1315 673 1355 65
694 1314 770 1368 fiy.
805 1314 841 1354 2.
885 1312 987 1354 Tab.
1030 1310 1160 1365 Phyc.
1209 1309 1296 1352 Vol.
1341 1307 1461 1351 XVI
1487 1309 1569 1351 tab.
1601 1309 1637 1351 6.

224 1384 577 1438 Botry091083mn
609 1382 926 1424 Binderiamcm
955 1380 1095 1423 Harv.
1130 1379 1232 1421 Ner.
1265 1381 1398 1420 austr.
1421 1379 1566 1431 p,117.

374 1453 481 1494 Hab.
514 1452 569 1493 ad
600 1451 702 1505 Cap.
734 1451 781 1491 Β.
815 1450 924 1504 Spei.

200 1535 351 1581 Species
379 1545 467 1568 sane
493 1531 797 1575 distfflctissima,
824 1543 844 1565 a
869 1542 927 1564 me
954 1540 1071 1574 usque
1109 1529 1156 1563 ad
1192 1528 1274 1562 haec
1306 1526 1442 1561 ultima
1467 1529 1641 1571 tempora

109 1594 228 1628 forma
251 1592 296 1627 N.
334 1590 545 1635 platycarpi
582 1589 833 1631 considerata,
859 1588 963 1632 eujus
991 1586 1198 1632 specimina
1222 1584 1387 1630 plurima
1422 1584 1638 1619 accuratius

112 1649 327 1684 examinare
354 1647 520 1693 neglexi.
570 1645 856 1690 Descriptiones
894 1643 1169 1688 Kiitzingianas
1206 1642 1318 1676 hodie
1355 1641 1493 1675 iterum
1519 1641 1642 1686 perle-

111 1706 218 1752 genti
244 1705 351 1749 mihi,
389 1716 457 1738 nec
495 1704 593 1748 apud
631 1715 714 1737 eum
740 1702 852 1736 aliam
877 1701 980 1735 inter
1012 1704 1209 1744 utramque
1237 1699 1400 1743 speciem
1427 1698 1642 1733 distinctio-

113 1764 171 1798 nis
198 1766 325 1798 notam
351 1761 560 1796 exhibitam
585 1759 677 1802 vidi,
704 1771 815 1804 quam
840 1770 922 1803 quae
949 1758 987 1791 in
1008 1758 1082 1792 situ
1103 1757 1453 1801 sphaerosporarum
1472 1755 1642 1789 indicata

113 1821 197 1863 fuit,
223 1830 358 1864 nempe
385 1830 488 1853 soros
516 1829 597 1851 esse
623 1816 853 1862 marginales
872 1816 911 1849 in
929 1815 1199 1860 Neuroglosso‚
1227 1816 1264 1847 at
1281 1813 1410 1848 foliola
1426 1811 1642 1856 prolifican-

115 1878 170 1913 tia
193 1877 232 1911 in
258 1876 526 1921 Botryoglosso
552 1885 748 1919 occupare.
785 1873 903 1917 Quum
929 1883 1018 1906 vero
1043 1871 1083 1905 in
1107 1871 1151 1905 N.
1178 1871 1344 1904 lacerato
1370 1872 1409 1904 et
1434 1870 1535 1904 Fuco
1565 1869 1645 1914 pla-

117 1939 272 1979 tycarpo
299 1945 387 1968 vero
414 1936 614 1976 utrumque
641 1930 821 1965 obvenire
847 1929 1038 1972 vidissem,
1064 1929 1202 1962 formas
1230 1926 1440 1961 simillimas
1466 1926 1536 1961 hac
1554 1929 1645 1961 nota

118 1992 287 2026 diversas
315 1990 440 2035 specie
466 1989 704 2033 distinguere
737 1986 920 2029 dubitavi,
957 1986 1076 2019 multo
1101 1985 1224 2019 minus
1252 1984 1404 2018 easdem
1428 1984 1468 2018 in
1494 1983 1646 2018 diversa

119 2048 267 2083 Genera
293 2046 506 2081 distrahere
532 2044 646 2080 volui.
682 2044 786 2088 Quod
812 2043 934 2085 doleo,
960 2041 1053 2075 mihi
1078 2053 1153 2076 non
1178 2041 1218 2075 in
1243 2044 1411 2075 mentem
1429 2039 1534 2075 venit
1553 2039 1645 2074 alias

119 2116 289 2150 quaerere
317 2103 550 2138 differentias
576 2103 679 2137 inter
704 2101 841 2136 formas
868 2112 888 2134 a
914 2098 1118 2145 Kiitzingio
1152 2102 1359 2144 separatas.
1408 2099 1559 2142 Harvey
1585 2109 1646 2132 eo-

120 2164 203 2198 dem
228 2162 338 2197 modo
364 2161 607 2206 Kiitzingium
643 2160 918 2204 interpretatus
958 2160 1029 2201 est,
1069 2156 1214 2202 species
1253 2163 1380 2191 tamen
1417 2159 1507 2191 nota
1532 2156 1648 2190 allata

120 2220 320 2255 distinctas
346 2218 484 2263 posuit.
532 2217 693 2252 Grunow
719 2215 880 2259 denique
908 2215 1079 2258 (Novam
1100 2226 1138 2259 p.
1165 2215 1225 2259 86)
1262 2225 1343 2248 rem
1381 2214 1510 2248 eodem
1536 2212 1646 2247 modo

121 2278 254 2312 ultimo
282 2277 402 2311 adhuc
429 2279 598 2320 tempore
624 2273 830 2308 intellexit.

212 2334 441 2378 Quicumque
467 2343 555 2367 vero
581 2332 730 2376 plantas
757 2331 836 2373 has,
864 2330 987 2364 obiter
1019 2329 1211 2374 inspectas
1243 2327 1469 2371 simillimas,
1496 2338 1647 2361 accura-

122 2391 197 2426 tius
223 2388 513 2434 comparaverit,
539 2388 689 2422 easdem
713 2388 809 2422 bene
836 2386 1037 2420 distinctas
1064 2385 1128 2420 vix
1153 2397 1228 2419 non
1254 2384 1440 2427 inveniat3
1467 2384 1649 2418 differunt

122 2459 212 2482 vero
237 2446 476 2492 potissimum
501 2444 601 2479 notis
627 2456 648 2478 a
673 2447 865 2479 structura
889 2443 1034 2487 petitis.
1083 2442 1204 2476 Frons
1233 2452 1252 2474 a
1278 2440 1478 2485 superficie
1504 2440 1585 2475 visa
1608 2440 1647 2474 in

122 2505 168 2541 N.
194 2506 414 2550 platycarpo
440 2513 554 2537 venas
581 2501 837 2546 superficiales
863 2502 1051 2534 monstrat
1077 2498 1397 2541 evidentissimas,
1425 2497 1554 2542 quales
1582 2508 1648 2532 suo

124 2562 255 2609 generi
284 2560 568 2605 Cryptopleurae
594 2558 922 2593 characteristicas
949 2555 1207 2591 consideravit
1232 2555 1415 2600 Kiitzing3
1440 2554 1480 2588 in
1498 2555 1541 2589 N.
1560 2554 1648 2588 Bin-

125 2619 278 2655 deriano
304 2618 404 2652 frons
433 2619 491 2650 est
516 2615 760 2650 conformiter
796 2616 974 2656 areolam,
1000 2612 1107 2647 venis
1145 2612 1208 2646 vix
1245 2611 1473 2656 conspicuis,
1511 2610 1646 2645 areolis

125 2676 231 2721 quasi
258 2673 511 2719 quaternatim
533 2673 689 2717 junctis,
715 2684 787 2717 qua
812 2674 902 2705 nota
927 2672 971 2705 ab
998 2669 1169 2705 omnibus
1195 2667 1428 2713 Nitophyllis
1451 2667 1543 2701 mihi
1562 2679 1648 2712 cog-

126 2734 216 2768 nitis
242 2732 420 2767 recedere
446 2729 608 2765 videtur.
649 2728 912 2764 Transversali
938 2727 1104 2762 sectione
1140 2726 1291 2761 laminae
1317 2726 1360 2760 N.
1388 2726 1648 2771 platycarpum

126 2791 166 2826 in
189 2791 312 2826 medio
337 2790 589 2824 incrassatum
614 2788 792 2835 utrinque
818 2788 856 2824 in
875 2786 1052 2822 laminam
1070 2785 1281 2822 tenuiorem
1300 2783 1533 2828 extenditur,
1553 2785 1647 2828 (sec-
