1762 3036
112 159 130 198 1
142 158 191 198 18
691 157 1087 201 CRYPTONEMIAOEAE.
1440 160 1650 214 Lyyistea

110 273 261 313 tubum
284 272 508 327 liyalinum
528 271 776 314 lutescente.
816 272 911 314 Fila
926 272 1184 315 verticillata
1200 287 1370 329 quoque
1386 274 1430 314 in
1446 273 1651 314 interiore

111 344 236 394 parte
267 341 571 383 transformari
593 340 794 382 videntur
814 342 858 382 in
880 341 1086 383 articulos
1108 342 1416 385 crassiusculos
1438 340 1651 396 cylindra-

111 423 207 451 ceos
228 409 318 452 fere
339 409 547 464 hyalinos,
569 408 652 450 filis
674 410 844 452 extimis
862 409 997 451 multo
1015 409 1301 461 tenuioribus,
1319 410 1652 452 endochromate

111 477 389 520 moniliformi
420 477 622 519 coloratis
653 477 922 529 dichotomis,
953 478 1102 531 paucis
1125 477 1320 520 articulis
1341 478 1651 520 constantibus.

111 548 148 589 A
178 551 303 601 parte
333 547 538 588 interiore
569 546 742 589 filorum
772 546 1130 589 verticillatorum
1160 547 1235 588 fila
1265 561 1386 589 secus
1418 560 1541 589 axem
1563 560 1653 588 mo-

112 616 414 670 nosiphonium
446 615 684 657 decurrunt
715 620 756 657 et
787 616 831 657 in
861 619 987 669 parte
1018 615 1236 657 adultiore
1266 616 1312 656 in
1333 618 1520 657 stratum
1542 615 1654 657 axile

111 684 442 738 conjunguntur.
503 683 611 726 Tota
641 684 804 737 planta,
838 684 873 725 si
904 684 1062 725 iterum
1092 683 1338 727 madefacta
1368 684 1653 734 examinatur,

110 753 279 795 facilius
312 752 504 805 solvitur,
535 754 788 795 membrana
817 756 1019 795 tuborum
1049 753 1094 795 in
1124 752 1360 807 gelatinam
1391 751 1655 794 diffluentem

112 823 310 864 abeunte.

114 915 149 955 1.
182 912 226 954 C.
259 913 518 955 FINISTERRAE
556 911 751 967 (Grousm
782 914 808 955 l.
839 917 889 967 c.)
935 913 1089 955 fronde
1134 917 1322 968 angusta
1366 913 1655 968 cylindraceo-

226 982 443 1033 tubulosa,
475 981 715 1023 lateraliter
746 995 852 1035 vage
872 981 1167 1024 ramosissima
1188 982 1492 1036 decomposita,
1524 981 1657 1023 ramis

226 1049 494 1104 ramulisque
525 1050 1051 1104 virgato-subdivaricatis
1072 1051 1276 1105 utrinque
1298 1050 1534 1092 attenuatis
1556 1063 1654 1091 acur

226 1119 293 1160 tis.
328 1117 396 1162 Gr.
428 1119 453 1160 l.
484 1133 515 1161 c.
548 1123 587 1162 et
619 1118 737 1161 Flor.
773 1120 930 1162 Finist.
962 1120 1044 1161 tab.
1078 1120 1141 1161 13.

285 1187 394 1230 Hab.
427 1188 483 1229 ad
514 1202 611 1230 oras
644 1187 809 1240 Galliae,
841 1188 984 1230 adhuc
1015 1193 1064 1230 ut
1093 1188 1263 1231 videtur
1295 1189 1529 1231 rarissima.

116 1352 223 1403 xxl.
264 1355 504 1404 LYGIsTEs
535 1361 581 1406 J.
613 1362 695 1417 Ay.
727 1376 848 1406 mser.

117 1482 255 1524 Frons
287 1480 566 1522 teretiuscula
597 1478 838 1533 gelatinosa
869 1492 1216 1532 quoquoversum
1247 1492 1431 1530 ramosa,
1463 1479 1534 1520 axi
1555 1479 1659 1521 filis-

231 1564 314 1603 que
345 1548 626 1603 periphericis
660 1548 911 1598 constituta3
945 1547 1147 1601 juvenilis
1185 1547 1289 1589 axili
1328 1547 1399 1589 filo
1431 1547 1661 1590 articulato

231 1622 274 1660 et
304 1617 685 1672 subpolysiphonio
724 1617 880 1658 sensim
919 1615 1003 1657 filis
1041 1615 1370 1658 decurrentibus
1414 1616 1551 1657 cincto
1596 1616 1661 1657 in-

233 1689 417 1737 structa3
451 1685 639 1727 adultior
670 1685 786 1727 tubis
818 1684 1057 1726 numerosis
1097 1687 1220 1726 extra
1255 1684 1411 1726 axilem
1442 1684 1662 1738 dispositis

233 1761 276 1796 et
306 1754 652 1796 anastomosibus
676 1753 866 1807 undique
889 1753 1256 1797 sub-reticulatiin
1277 1753 1526 1807 conjunctis,
1550 1756 1661 1794 stra-

234 1828 326 1865 tum
357 1823 551 1873 interius,
585 1826 760 1865 externe
790 1821 874 1863 filis
905 1821 1234 1875 ad-repentibus
1264 1821 1450 1862 cinctum
1470 1820 1662 1863 forman—

236 1892 366 1939 tibus;
398 1891 473 1932 fila
503 1890 775 1945 peripherica
804 1890 925 1932 initio
953 1889 1255 1941 verticillatim,
1279 1890 1451 1931 demum
1471 1890 1663 1944 undique

237 1961 291 2002 ab
324 1960 393 2001 axi
426 1960 702 2014 egredientia,
725 1958 1236 2012 fasciculam-fastigiata,
1258 1959 1547 2001 verticillatim
1570 1974 1662 2001 um-

236 2029 431 2071 bellatim
462 2032 538 2070 aut
570 2029 810 2070 dichotome
850 2041 1022 2069 ramosa
1066 2026 1300 2069 articulata
1343 2027 1662 2079 moniliformia,

236 2098 280 2139 in
311 2101 497 2139 stratum
518 2097 751 2159 ¹proprium
782 2096 1069 2151 gelatinosum
1100 2096 1196 2138 laxe
1226 2096 1465 2151 conjuncta.
1518 2096 1663 2151 Cysto-

236 2169 389 2221 ampla
419 2168 531 2208 inter
561 2165 636 2207 fila
666 2166 938 2220 peripherica
981 2169 1168 2219 recepta,
1215 2165 1365 2207 nucleo
1404 2166 1664 2220 adparenter

237 2236 432 2289 simplici,
465 2234 633 2277 ambitu
663 2234 850 2286 definito,
883 2233 1134 2285 constituta3
1168 2232 1344 2274 nucleus
1375 2233 1446 2275 filo
1473 2233 1543 2275 vix
1565 2248 1664 2275 con-

238 2305 384 2358 spicue
429 2307 595 2345 mutato
642 2302 820 2352 adfixus,
840 2318 843 2321 ·
866 2302 984 2344 intra
1026 2301 1148 2344 lobos
1178 2301 1417 2353 obconicos,
1449 2315 1476 2343 a
1506 2306 1664 2355 puncto

239 2373 379 2415 basali
411 2372 644 2422 radiantes,
677 2369 909 2425 gemmidia
937 2383 1166 2412 numerosa
1186 2369 1663 2423 rotundato-angulata,

240 2443 330 2484 sine
362 2441 511 2483 ordine
543 2440 771 2493 conspicuo
803 2438 1071 2492 conglobata,
1110 2452 1234 2479 muco
1279 2438 1470 2480 cohibita
1505 2437 1664 2479 fovens.

242 2509 555 2563 Sphaerosporae
587 2541 594 2548 .
628 2540 635 2547 .

240 2612 378 2654 Frons
409 2610 850 2664 lubrico-gelatinosa,
883 2623 910 2650 a
941 2608 1162 2662 superficie
1198 2608 1426 2650 observata
1455 2610 1666 2649 monstrat

128 2686 312 2724 stratum
343 2682 531 2724 exterius
562 2680 645 2721 filis
667 2680 843 2721 minutis
864 2677 1383 2731 fasciculato-fastigiatis,
1406 2677 1530 2730 quasi
1550 2677 1666 2718 intra

129 2752 363 2806 gelatinam
396 2749 580 2791 solutam
612 2747 898 2797 radiantibus,
931 2747 1224 2797 constitutum,
1263 2748 1409 2799 partes
1440 2744 1665 2786 interiores

131 2834 275 2861 omnes
307 2832 443 2872 usque
489 2818 543 2859 ad
589 2817 753 2871 apicem
799 2816 1015 2868 obtegens.
1078 2814 1334 2869 Compressa
1377 2813 1528 2855 fronde
1574 2814 1665 2856 axis

131 2902 239 2941 apex
271 2887 466 2940 superior
497 2886 707 2939 adpareat
751 2885 868 2926 intra
912 2883 1145 2938 gelatinam
1191 2883 1318 2925 strati
1362 2882 1585 2924 exterioris
1617 2886 1666 2924 ut
