1757 3114
79 139 339 191 Calotqlossa.
718 139 1020 178 Dntnssnmnffi.
1527 139 1608 178 499

188 251 306 291 mina
351 251 825 299 submonostromatica,
877 250 1131 292 cellularum
1184 251 1375 292 seriebus
1421 263 1447 291 a
1492 254 1611 292 costa

189 319 363 371 oblique
385 319 440 359 ad
463 319 703 372 marginem
726 319 1064 365 excurrentibus,
1088 319 1258 360 demum
1282 319 1610 372 subhexagono-

190 388 421 440 angulatis.
483 387 679 430 Coeeidia
725 389 767 429 in
813 391 931 429 costa
961 387 1137 435 sessilia‚
1176 388 1292 429 intra
1322 388 1611 441 pericarpium

189 460 317 497 tenue
348 456 723 509 hemisphaericum
761 456 959 497 nucleum
1000 455 1235 508 simplicem
1271 455 1478 506 foventia3
1519 456 1612 509 pla-

191 528 315 566 centa
347 525 508 566 basa-lis
541 541 711 568 sursum
742 525 815 567 fila
845 525 1089 571 articulata,
1128 525 1172 565 in
1209 526 1404 567 articulis
1436 527 1612 579 gemmi-

192 594 263 634 dia
294 593 453 634 seriata
491 597 671 636 obovata
709 594 907 641 foventia,
947 594 1158 635 emittens.
1221 594 1533 647 Sphcerosporae
1571 596 1614 635 in

191 663 354 703 cellulis
386 663 558 705 laminae
591 663 807 717 angulatis
839 662 1031 713 evolutae„
1064 677 1089 703 a
1121 667 1239 704 costa
1261 664 1499 717 marginem
1521 677 1615 706 ver-

193 746 264 773 sus
296 733 477 780 seriatae„
522 732 746 787 lineasque
791 733 964 786 obliqne
1011 732 1320 774 adscendentes
1365 732 1614 784 formantes,

192 801 436 843 rotundatae
468 801 684 855 triangule
717 802 872 842 divisae.

195 918 391 959 Coccidia
422 919 512 972 ipse
544 933 627 959 non
665 919 762 959 vidi.
823 917 1093 959 Ramificatio
1139 917 1227 958 fere
1258 917 1529 971 Hypoglossi,
1576 922 1618 959 et

74 990 293 1028 structura
323 988 391 1029 vix
429 987 599 1028 diversa
630 1001 656 1028 a
687 987 910 1040 speciebus
950 987 1213 1028 tenuissimis
1246 986 1374 1040 hujus
1406 988 1617 1039 sectionis,

75 1055 205 1097 Costa
236 1057 403 1098 cellulis
436 1057 827 1109 longitudinalibus
859 1071 884 1098 a
914 1057 1250 1111 parenchymate
1281 1056 1496 1097 ambiente
1518 1071 1618 1097 con-

75 1126 220 1178 spicue
251 1124 416 1173 differt;
460 1126 660 1179 juvenilis
699 1129 817 1166 costa
857 1126 1043 1166 sectione
1083 1125 1364 1166 transversali
1395 1125 1618 1178 siphonem

76 1194 311 1235 centralem
334 1198 556 1242 monstrat„
581 1195 634 1235 ab
657 1198 841 1248 utraque
864 1194 1024 1247 pagina
1040 1194 1196 1234 cellula
1213 1194 1426 1235 exteriore
1447 1197 1618 1235 tectum.

77 1262 222 1303 Serius
255 1267 386 1311 costa,
420 1263 475 1304 ab
507 1263 629 1303 initio
654 1264 779 1316 quasi
803 1267 976 1304 externe
999 1262 1244 1313 articulata,
1268 1262 1466 1315 pluribus
1490 1263 1619 1303 serie—

77 1332 157 1373 bus
189 1331 442 1373 cellularum
474 1333 681 1372 corticata
712 1331 772 1372 fit.
824 1331 999 1373 Celluloe
1032 1324 1202 1373 laminae
1236 1331 1409 1384 oblique
1441 1330 1619 1372 adscen-

78 1400 227 1442 dentes
274 1405 373 1442 sunt
418 1401 540 1442 initio
588 1401 758 1441 seriatae
790 1404 833 1441 et
864 1400 987 1454 quasi
1019 1414 1045 1441 a
1076 1399 1241 1441 cellulis
1287 1403 1415 1441 costae
1461 1400 1620 1441 sensim

78 1472 398 1517 transmutatae3
447 1469 586 1510 serius
629 1469 856 1522 abruptior
886 1468 935 1509 fit
966 1467 1220 1515 differentia
1253 1472 1295 1509 et
1334 1468 1499 1509 cellulae
1540 1482 1617 1521 pa-

79 1537 368 1592 renchymatis
386 1551 498 1578 nunc
515 1537 604 1579 fere
625 1538 885 1590 regulariter
903 1537 1367 1590 hexagono-angulatae
1391 1537 1616 1589 adparent.

80 1606 129 1646 In
151 1606 216 1646 his
238 1606 547 1659 sphaerosporae
581 1607 750 1647 seriatae
783 1606 1050 1647 evolvuntur.
1092 1605 1347 1646 Evolutione
1379 1606 1458 1646 hac
1480 1605 1619 1658 sphfe-

81 1688 361 1728 rosporarum
393 1688 527 1727 genus
559 1688 584 1715 a
615 1674 865 1716 Delesseriae
898 1675 1120 1727 speciebus
1153 1675 1349 1715 omnibus
1381 1672 1537 1715 differt.

87 1805 122 1843 1.
154 1802 197 1843 C.
221 1802 463 1844 LEPRIEURII
493 1802 652 1857 (Mont.
687 1801 802 1844 Ama.
837 1801 900 1843 Sc.
928 1802 1028 1843 Nat.
1053 1802 1122 1843 II.
1154 1816 1234 1843 ser.
1269 1802 1319 1843 13
1332 1815 1378 1853 2).
1403 1803 1503 1857 196)
1534 1801 1621 1843 vio-

195 1873 326 1923 lacea,
350 1873 513 1914 frondis
546 1875 720 1913 costatae
752 1871 1008 1913 dichotomae
1030 1875 1072 1912 et
1093 1875 1259 1913 avcosta
1280 1871 1496 1925 proliferae
1528 1885 1622 1925 seg-

197 1942 350 1983 mentis
395 1940 898 1983 lancemani-linearibus
945 1941 1149 1994 utrinque
1201 1940 1326 1993 longe
1372 1940 1620 1987 attenuatis,

198 2011 544 2053 subarticulatim
576 2011 830 2059 constrictis,
864 2024 889 2051 a
920 2011 1125 2051 strictura
1156 2009 1355 2051 deorsum
1387 2009 1623 2050 radicanti-

199 2081 290 2129 bus,
323 2084 365 2121 ct
395 2079 544 2121 foliola
588 2094 697 2120 nova
741 2078 980 2121 conformia
1019 2078 1327 2120 emittentibus.
1358 2078 1403 2119 J.
1435 2078 1516 2130 Ay.
1552 2077 1623 2130 Sp.

190 2164 237 2202 p.
270 2150 362 2190 ⁴382.
413 2148 663 2191 Delcssmv'a,
710 2149 956 2201 Lqm'emii
1002 2148 1137 2190 Mont.
1170 2147 1195 2187 l.
1227 2162 1257 2188 τ’.
1292 2145 1405 2190 Ceut.
1440 2147 1508 2189 ΙΙ.
1541 2147 1622 2187 tab.

212 2218 256 2259 V.
277 2219 353 2271 fiss.
388 2219 423 2258 1.
456 2217 592 2259 Ham).
629 2218 729 2259 Ner.
764 2217 870 2259 Bor.
904 2217 1087 2258 Ameria
1132 2216 1216 2257 tab.
1267 2216 1426 2257 XXII
1453 2214 1497 2257 C.
1530 2215 1624 2267 Hy-

192 2287 439 2340 potqlossum
464 2287 706 2340 Leprieurii
731 2287 860 2328 Krete.
892 2286 973 2327 tab.
1012 2285 1140 2338 Phye.
1185 2284 1271 2326 Vol.
1311 2282 1431 2326 XVI
1453 2284 1533 2326 tab.
1560 2284 1622 2324 10.

205 2369 253 2409 In
286 2367 501 2408 Atlantico
530 2366 733 2409 calidiore
754 2367 809 2408 ad
832 2366 1073 2408 Americam
1095 2370 1340 2418 utramque3
1375 2363 1438 2405 Ad
1461 2363 1624 2405 Novam

354 2436 630 2477 Hollandiam
662 2440 704 2477 et
735 2436 785 2476 N.
819 2435 1080 2476 Zelandiam.

180 2517 273 2552 Mihi
300 2516 453 2551 minime
479 2519 624 2550 certum
652 2516 804 2550 videtur
830 2515 995 2560 speciem
1021 2515 1136 2549 Novae
1163 2512 1376 2547 Hollandiae
1404 2523 1486 2546 cum
1513 2513 1623 2545 Ame-

91 2576 219 2609 ricana
244 2575 448 2609 identicam
475 2585 570 2608 esse.
620 2574 663 2607 In
688 2574 831 2608 nostris
862 2573 997 2607 saltem
1017 2572 1164 2606 cellulae
1185 2568 1436 2614 dispositione
1456 2569 1624 2613 aliquan-

91 2635 210 2668 tulum
237 2632 434 2675 differuntf:
473 2631 679 2676 specimina
716 2631 946 2665 Guianensia
983 2640 1097 2674 supra
1122 2628 1256 2662 axillas
1283 2627 1481 2661 bifurcatae
1508 2630 1623 2661 costae

91 2691 234 2726 habent
271 2690 427 2724 cellulas
464 2689 693 2723 membranae
732 2690 778 2723 ab
804 2688 920 2722 axilla
947 2698 1078 2722 versus
1105 2685 1317 2729 marginem
1342 2684 1542 2719 evidenter
1566 2696 1624 2718 ra-

93 2749 231 2789 diatas,
256 2748 295 2783 in
322 2747 591 2792 speciminibus
630 2745 886 2781 australasicis
914 2747 1002 2779 sunt
1041 2743 1184 2777 eaedem
1221 2743 1369 2776 cellulae
1401 2753 1485 2776 cum
1509 2742 1624 2776 costis

92 2806 265 2841 foliorum
292 2805 528 2850 geminorum
554 2803 760 2847 parallelae.
796 2800 1009 2847 Specimina
1025 2799 1168 2834 boreali
1187 2799 1411 2843 americana,
1430 2810 1512 2842 quae
1533 2798 1625 2841 vidi,

96 2864 236 2898 habent
261 2863 387 2897 foliola
413 2861 456 2894 ad
485 2860 618 2894 axillas
644 2860 764 2903 inagis
792 2861 1001 2892 attenuata.
1051 2858 1093 2891 In
1120 2855 1390 2902 speciminibus
1416 2855 1531 2890 Novae
1558 2856 1623 2889 Zea

1427 2912 1490 2945 32*
