1757 3114
158 100 240 141 450
772 99 1075 141 DnLnssunmAE.
1382 64 1684 153 Neftopliyllum.

270 214 463 255 areolata
494 212 609 253 venis
641 211 983 266 superficialibus
1014 212 1082 253 vix
1114 212 1339 259 instructa.
1372 214 1479 254 soris
1510 213 1686 253 minutis

268 282 514 324 rotundatis
545 294 622 333 per
652 285 787 322 totam
819 280 1087 334 superficiem
1120 281 1293 333 sparsis.
1324 281 1369 323 J.
1402 281 1483 333 Ay.
1510 281 1685 334 System.

272 351 436 393 florid.
459 364 507 402 p.
539 350 604 391 48.

420 418 483 458 Ad
517 417 685 459 Insulas
717 417 945 459 Falkland.

245 500 417 533 Formam
443 497 522 531 fere
549 497 679 541 refert,
706 498 852 542 qualem
881 497 1022 542 Figura
1039 497 1163 531 media
1180 498 1259 532 Nit.
1288 497 1438 532 Smithii
1463 499 1502 531 in
1527 498 1585 531 Fl.
1611 498 1687 531 An-

154 559 265 590 tarct.
295 554 489 594 exhibeat;
515 554 665 588 nomine
692 566 838 598 quoque
866 554 911 588 N.
940 554 1089 587 Smithii
1107 554 1145 588 in
1164 554 1236 589 Hb.
1255 554 1354 598 Gray
1379 555 1622 599 inscriptunu
1648 557 1685 588 at

154 613 303 646 defectu
329 623 509 646 venarum
536 611 674 645 differt.
708 610 834 644 Minus
862 621 1008 653 quoque
1035 622 1145 654 quam
1172 611 1218 645 N.
1239 611 1389 645 Smithii
1410 611 1684 655 decomposita3

154 670 222 703 hoc
248 671 424 712 respectu
449 668 570 713 magis
596 668 642 702 ad
673 669 718 703 N.
747 667 927 702 Crozierii
958 667 1134 702 tendens.
1186 668 1274 702 Haec
1300 672 1426 701 tamen
1455 668 1599 712 species
1626 671 1681 701 te-

152 727 273 760 nuior.
323 725 538 771 Specimina
562 737 582 759 a
606 737 664 758 me
692 724 909 759 examinata
946 723 1128 758 differunt
1165 736 1312 768 quoque
1350 725 1389 758 in
1416 737 1458 760 eo
1485 725 1583 769 quod
1611 725 1684 759 cel-

153 784 238 818 lulae
279 782 536 828 superficiales
576 786 664 816 sunt
700 782 739 815 in
777 781 822 815 N.
851 781 1023 824 Grayano
1060 780 1138 814 fere
1172 792 1278 824 aeque
1311 782 1398 815 latae
1426 793 1468 815 ac
1494 782 1619 826 longae
1647 784 1686 815 et

153 841 383 881 conformes3
416 840 455 873 in
482 840 525 874 N.
554 838 733 873 Crozierii
759 838 917 871 cellulas
955 838 1033 871 fere
1072 838 1186 882 duplo
1224 839 1416 883 longiores
1454 850 1563 883 quam
1590 840 1684 873 latas

152 897 242 932 vidi.
291 897 457 941 Ki'itzing
484 897 523 930 in
549 896 617 930 hac
645 895 771 940 specie
798 894 889 928 alias
917 895 1074 929 cellulas
1101 895 1293 940 longiores
1321 897 1468 940 (venas)
1490 897 1582 930 alias
1601 897 1685 931 bre-

151 956 275 990 viores
300 954 437 999 pinxit.

151 1050 187 1090 6.
219 1049 269 1090 N.
305 1062 551 1090 UNDULA‘PUM
583 1048 652 1102 (J.
684 1047 765 1101 Ay.
798 1049 944 1101 mss-r.)
966 1047 1113 1100 stipite
1144 1048 1260 1088 brevi
1293 1052 1473 1089 cuneato
1505 1052 1683 1100 costato,

263 1122 383 1159 costa
414 1131 545 1171 supra
578 1117 765 1170 stipitem
797 1130 895 1157 mox
926 1120 1216 1163 evanescente,
1250 1117 1293 1157 in
1324 1116 1518 1158 frondem
1551 1118 1683 1158 cocci-

263 1202 387 1228 neam
408 1187 497 1227 late
519 1184 748 1239 oblongam
770 1185 963 1237 margine
986 1184 1467 1225 undulato-laciniatam
1485 1186 1682 1236 abeunte,

262 1255 429 1296 laciniis
461 1253 654 1307 oblongis
677 1253 842 1294 obtusis
864 1266 975 1293 nunc
998 1252 1242 1292 laciuulatis
1265 1252 1541 1294 conformiter
1563 1267 1684 1295 areo-

263 1323 377 1369 latis,
410 1323 526 1363 venis
566 1321 908 1374 superficialibus
940 1320 1188 1363 sub-nullis,
1222 1321 1330 1361 soris
1365 1353 1373 1360 .
1406 1355 1413 1361 .
1448 1355 1454 1361 .
1486 1322 1683 1363 coccidiis

262 1406 340 1445 per
371 1395 506 1433 totam
547 1389 814 1444 superficiem
855 1389 1029 1442 sparsis,
1062 1389 1107 1431 J.
1140 1389 1221 1441 Ay.
1257 1389 1328 1441 Sp.
1350 1403 1398 1442 p.
1431 1390 1522 1431 663.
1555 1390 1678 1444 (excl.

263 1462 388 1516 syn.)

415 1528 521 1569 Hah.
554 1528 609 1569 ad
641 1526 743 1580 Cap.
778 1527 817 1568 b.
850 1526 962 1580 Spei.

238 1609 443 1652 Postquam
468 1608 617 1642 Iconem
645 1607 683 1640 in
709 1606 802 1641 Tab.
829 1606 943 1650 Pliyc.
970 1606 1097 1640 datam
1124 1605 1253 1640 videre
1282 1607 1459 1651 contigit,
1478 1606 1591 1641 dubia
1605 1606 1681 1649 jam

147 1668 186 1700 in
213 1667 319 1711 Spec.
346 1666 476 1711 Algar.
504 1675 684 1708 expressa
710 1663 755 1697 de
781 1663 985 1697 identitate
1011 1666 1153 1697 nostrae
1180 1663 1322 1707 plantae
1349 1675 1431 1697 cum
1458 1663 1682 1706 homonyma

148 1723 345 1769 Kiitzingii
370 1721 582 1766 repetenda
608 1720 799 1755 videntur.
851 1719 1049 1764 Specimen
1075 1731 1095 1753 a
1120 1720 1323 1765 Kiitzingio
1348 1720 1540 1764 depictum
1567 1720 1613 1753 ad
1636 1719 1681 1754 N.

148 1791 329 1815 venosum
355 1779 469 1813 Harv.
497 1777 622 1822 potius
661 1776 858 1819 referrem,
897 1775 971 1809 nisi
1008 1777 1180 1810 obstaret
1217 1777 1315 1820 quod
1353 1776 1516 1820 speciem
1544 1776 1586 1810 ad
1616 1787 1682 1809 sua

145 1836 399 1883 Aglaophylla
437 1837 562 1876 (venis
602 1834 775 1869 omnibus
812 1833 1016 1877 destituta)
1053 1833 1266 1876 retulisset,
1304 1833 1401 1877 quod
1438 1833 1477 1866 in
1516 1833 1679 1877 speciem

147 1894 408 1938 Harveyanam
435 1893 534 1926 haud
560 1893 656 1926 bene
683 1890 857 1934 quadrat.

146 1989 183 2028 7.
216 1986 266 2027 N.
298 1999 611 2027 DENTICULATUM
641 1983 803 2037 (Harv.
839 1983 909 2024 Fl.
943 1983 1050 2025 Nov.
1087 1982 1173 2025 Zel.
1205 1997 1252 2035 p.
1292 1984 1393 2039 241)
1432 1984 1576 2037 stipite
1606 1998 1678 2025 cu-

260 2058 386 2096 neato
416 2057 593 2099 costato,
626 2057 745 2093 costa
775 2065 907 2104 supra
952 2051 1140 2104 stipitem
1185 2065 1283 2092 mox
1312 2057 1603 2101 evanescente,
1634 2054 1678 2093 in

259 2121 457 2164 frondem
502 2120 741 2162 coccineam
789 2117 1215 2160 subflabelliforinem
1257 2132 1367 2171 saepe
1399 2133 1678 2173 permagnam

260 2189 545 2244 irregularius
578 2187 1041 2241 palmato-laciniatam
1074 2187 1271 2236 abeunte,
1294 2187 1459 2228 laciniis
1482 2188 1676 2242 oblongis

259 2259 436 2309 obtusis,
469 2256 737 2310 marginibus
769 2255 924 2308 saepius
956 2254 1230 2308 amplissimis
1269 2256 1490 2297 undulatis
1521 2260 1564 2297 et
1594 2257 1671 2297 mi-

259 2331 362 2368 nute
393 2325 679 2375 denticulatis,
711 2323 987 2365 conformiter
1019 2324 1235 2375 areolatis,
1259 2325 1375 2366 venis
1397 2325 1675 2378 superficiali-

147 2490 201 2521 7a.
228 2486 272 2521 N.
299 2497 461 2520 CHILENSE
488 2485 619 2528 (Kritz.
648 2484 710 2529 Sp.
731 2495 772 2528 Ρ.
798 2484 881 2527 860)
906 2482 1038 2517 fronde
1072 2484 1294 2528 semipedali
1320 2495 1340 2517 a
1364 2485 1444 2519 basi
1478 2487 1674 2519 attenuata

236 2545 395 2577 cuneata
413 2542 554 2575 sensim
580 2541 739 2575 dilatata
764 2540 810 2574 ad
837 2539 1076 2573 latitudinem
1102 2541 1309 2584 palmarem
1335 2540 1548 2575 dichotoma
1573 2541 1672 2575 sinu-

235 2600 304 2634 bus
331 2599 465 2642 acutis,
492 2596 699 2642 segmentis
725 2595 869 2630 ultimis
896 2607 989 2640 vage
1026 2595 1126 2630 fissis
1163 2597 1373 2639 obtuseque
1398 2597 1551 2640 Iobatis⁷
1578 2597 1672 2631 soris

236 2655 507 2701 copiosissimis
534 2658 651 2689 totam
678 2653 915 2699 superficiem
952 2654 1224 2697 occupantibus
1261 2653 1505 2688 subrotundis
1532 2654 1673 2699 ellipti-

236 2713 338 2747 cisve
376 2711 608 2757 perexiguis.
650 2711 763 2745 Kutz.
803 2711 873 2744 tab.
915 2710 1027 2754 Phye.
1076 2710 1153 2745 Vol.
1181 2710 1284 2744 XIX
1308 2710 1377 2744 tab.
1404 2711 1435 2743 1.
1465 2710 1671 2744 Delesseria

234 2773 427 2805 wunctata.
455 2768 572 2804 Mont.
601 2767 664 2802 Fz.
692 2767 776 2801 Bol.
800 2778 838 2810 2).
866 2764 936 2800 33?

409 2825 503 2859 Hab.
530 2825 577 2859 ad
602 2822 834 2869 Valparaiso.
