1757 3114
90 87 172 128 680

90 199 219 254 paulo
251 199 388 253 magis
420 197 600 250 evoluto,
633 201 833 240 caeterum
865 197 981 239 haud
1003 197 1195 249 diverso,
1217 199 1486 252 proveniunt,
1519 199 1632 240 inter

89 269 162 310 fila
192 282 366 321 sparsae,
397 267 588 320 oblongae
619 271 661 307 et
691 266 914 307 cruciatim
945 265 1102 307 divisae.

204 336 424 378 Fusiorem
456 334 554 376 dedi
585 334 916 388 descriptionem
962 334 1156 383 Generis,
1206 348 1257 375 ne
1297 335 1392 388 quis
1437 334 1632 388 plantam

95 404 261 446 Iridaeis
308 402 570 445 simillimam
616 415 766 462 revera
811 402 937 455 hujus
968 401 1148 443 Generis
1179 415 1272 444 esse
1303 402 1487 456 speciem
1518 401 1635 444 male

94 471 361 514 intellectam
392 470 553 512 credat.

98 579 133 619 1.
163 576 230 619 AE.
261 588 513 617 NITIDISSIMA
544 573 590 617 J.
621 573 702 627 Ay.
735 587 859 616 msc-r.

206 645 315 687 Hab.
347 644 402 686 ad
433 657 531 686 oras
562 643 690 685 Novae
722 642 949 693 Zelandiae,
983 642 1236 696 Tam-auga:
1269 642 1502 696 Berggren.

184 737 227 770 In
252 736 345 771 flora
369 736 485 771 Novae
513 734 705 769 Zelandiae
732 734 875 768 nullam
902 733 1068 778 speciem
1095 735 1355 767 enumeratam
1381 733 1504 778 video,
1525 745 1634 778 quam

93 806 176 829 cum
202 796 332 828 nostra
357 792 562 826 identicam
589 791 744 825 credere
770 790 825 825 fas
853 793 925 825 est.
975 790 1033 824 Ex
1067 790 1125 833 iis,
1160 801 1242 834 quae
1273 790 1318 824 de
1346 801 1489 824 summa
1514 790 1634 825 varia-

92 851 195 885 tione
220 850 350 885 formze
377 849 415 883 in
442 849 573 894 Crypt.
600 849 689 883 Ant.
715 860 751 893 p.
780 849 845 882 179
863 848 908 882 de
928 847 1019 882 Irid.
1047 847 1371 890 cordata-dicitur,
1390 851 1531 883 nostrae
1552 860 1635 893 spe-

92 906 231 942 cimina
257 917 415 950 quoque,
442 905 473 939 si
500 905 659 940 collecta
686 905 842 948 fuerint,
868 909 910 938 ut
934 904 1064 939 formae
1102 903 1265 938 Iridiaeae
1309 904 1477 948 ejusdem
1505 905 1635 939 existi-

92 967 193 998 mata
217 963 333 998 fuisse
360 962 633 998 credidissem:
662 966 700 997 at
725 962 763 995 in
790 961 904 996 Flora
930 962 1024 996 Nov.
1052 961 1131 995 Zel.
1168 962 1274 995 nulla
1311 961 1458 1006 species
1484 962 1639 1007 propria

93 1019 251 1055 Generis
280 1022 535 1062 enumeratur,
564 1030 646 1063 quae
674 1019 720 1053 ad
746 1019 840 1053 Nov.
880 1017 1101 1052 Zelandiam
1138 1018 1350 1053 obveniret.
1399 1018 1535 1054 Iridaea
1569 1020 1638 1054 mi-

92 1089 180 1113 cans
207 1077 436 1112 auctoritate
462 1076 687 1123 Montagnei
714 1076 841 1119 allata,
868 1079 910 1110 ut
936 1076 982 1110 ad
1007 1076 1170 1111 insulam
1195 1076 1383 1112 Akaroam
1403 1087 1423 1110 a
1441 1077 1638 1114 Durvilleo

95 1135 208 1178 lecta,
235 1137 384 1169 tantum
409 1136 618 1169 memorata
642 1133 726 1168 fuit.

93 1230 149 1272 ad
180 1244 277 1284 pag.
312 1231 404 1271 146.

93 1323 372 1364 PACHYMENIA
403 1334 728 1363 HIMANTOPHORA
768 1321 829 1373 (J.
863 1321 944 1374 Ay.
984 1323 1131 1374 mser.)
1170 1321 1399 1364 frondibus
1436 1335 1462 1363 a
1492 1322 1638 1364 radice

207 1404 395 1444 expanso
426 1390 622 1444 plurimis
655 1390 879 1444 gregariis,
913 1389 1094 1443 singulis
1127 1404 1153 1431 a
1184 1391 1330 1444 stipite
1361 1390 1637 1433 teretiusculo

206 1460 401 1513 longiore
440 1459 484 1501 in
529 1459 727 1501 frondem
772 1459 947 1513 planam
993 1459 1324 1501 crassiusculam
1371 1460 1636 1502 dichotomo-

211 1529 434 1582 pinnatam
465 1529 679 1582 expansis,
713 1528 945 1581 segmentis
975 1528 1214 1570 linearibus
1245 1527 1360 1570 infra
1389 1527 1533 1570 furcas
1565 1543 1637 1570 cu-

208 1595 568 1647 neato-dilatatis,
600 1595 877 1638 inferioribus
909 1610 1030 1638 secus
1052 1600 1189 1638 totam
1210 1596 1522 1650 longitudinem
1545 1597 1638 1650 pin-

208 1665 333 1713 natis,
366 1664 509 1718 pinnis
540 1664 836 1706 loriformibus
869 1666 1026 1706 sensim
1058 1664 1253 1706 dilatatis
1292 1665 1536 1719 iterumque
1569 1679 1638 1707 eo-

208 1734 305 1775 dem
339 1733 464 1775 modo
496 1733 740 1785 subdivisis,
774 1734 1007 1788 segmentis
1044 1733 1344 1775 terminalibus
1381 1733 1639 1788 plerumque

209 1802 421 1856 elongatis
453 1800 721 1844 nudiusculis
754 1802 1021 1855 simplicibus
1053 1802 1301 1844 furcatisve.

361 1870 471 1912 Hab.
503 1870 558 1911 ad
590 1869 754 1911 Novam
785 1870 1058 1912 Zelandiam:
1091 1871 1325 1925 Berggren.

186 1962 357 1998 Frondes
395 1962 569 2007 plurimae
607 1962 874 2007 juxta-positae
913 1962 1020 2007 quasi
1058 1964 1104 1997 ab
1141 1962 1273 1997 eadem
1317 1965 1446 1996 crusta
1482 1962 1642 1997 radicali

100 2019 343 2064 proveniunt,
370 2019 409 2053 in
428 2020 625 2064 caespitem
645 2019 830 2061 collectas,
852 2019 1011 2066 singulae
1032 2019 1403 2065 pedales-bipedales
1424 2019 1641 2064 altitudine,

97 2076 230 2122 stipite
256 2076 429 2121 pollicari
455 2076 568 2110 tereti
608 2076 899 2119 adscendentes,
939 2077 1079 2111 sensim
1117 2077 1382 2121 complanatae,
1420 2077 1640 2121 plerumque

98 2133 389 2177 2—3ch0t0mae‚
415 2143 515 2167 nunc
541 2145 627 2167 mox
657 2132 845 2176 pinnatim
871 2133 1097 2175 subdivisze3
1126 2137 1324 2178 segmenta
1360 2133 1521 2167 linearia
1545 2147 1638 2179 pau-

98 2202 158 2224 cas
186 2190 307 2224 lineas
333 2190 424 2232 lata,
443 2189 543 2223 infra
560 2189 685 2224 furcas
713 2190 903 2223 cuneatim
930 2190 1103 2233 dilatata,
1130 2193 1168 2223 et
1186 2190 1267 2224 basi
1294 2201 1395 2234 saepe
1421 2191 1558 2225 eximie
1584 2195 1639 2226 at-

97 2250 254 2282 tenuata
278 2258 379 2281 nunc
404 2246 518 2281 immo
543 2246 806 2289 teretiuscula,
836 2258 943 2280 secus
971 2249 1089 2281 totam
1117 2247 1398 2291 longitudinem
1419 2248 1641 2292 plerumque

99 2306 144 2338 ab
170 2307 331 2347 utroque
355 2303 529 2348 margine
554 2303 734 2347 pinnatam
758 2303 886 2348 pinnae
907 2303 1097 2348 juveniles
1131 2304 1328 2347 subulatae,
1347 2316 1433 2339 mox
1452 2306 1640 2350 elongatae

99 2361 373 2405 teretiusculae,
412 2360 563 2395 demum
600 2361 850 2405 complanatae
877 2364 916 2395 et
941 2361 1163 2403 subdivisae,
1189 2361 1229 2395 in
1255 2373 1371 2396 novas
1396 2362 1550 2398 frondes
1579 2376 1640 2397 cx-

99 2422 336 2461 crescentes3
362 2418 484 2452 rarius
512 2421 593 2453 tota
617 2419 748 2463 planta
781 2418 969 2463 pinnatim
1007 2419 1276 2464 decomposita,
1314 2419 1469 2454 rachide
1505 2421 1641 2455 latiore

101 2479 216 2520 (nunc
241 2488 357 2521 usque
383 2477 440 2511 bis
468 2476 644 2521 pollicem
670 2477 786 2511 latam
814 2477 921 2521 vidi).
971 2477 1173 2522 Segmenta
1207 2477 1422 2511 terminalia
1456 2489 1554 2512 nunc
1581 2491 1639 2513 113-

100 2546 171 2578 que
196 2534 275 2569 fere
301 2533 453 2579 pedalia
490 2533 566 2568 vidi
605 2537 642 2568 et
682 2533 990 2578 simpliciuscula,
1031 2534 1169 2578 saepius
1207 2533 1382 2568 breviora
1419 2537 1457 2567 et
1482 2534 1640 2577 furcata,

99 2591 226 2637 pinnis
254 2590 465 2635 saepissime
489 2589 529 2624 in
555 2590 613 2624 1113
640 2591 805 2624 nondum
832 2590 1007 2624 evolutis.
1043 2590 1264 2625 Substantia
1289 2589 1460 2624 coriacca
1478 2594 1517 2624 et
1536 2592 1639 2626 color

102 2649 132 2682 si
159 2649 233 2683 luci
259 2648 331 2682 fuit
355 2649 503 2692 objecta
528 2648 686 2682 obscure
714 2639 939 2692 purpureus,
965 2647 1043 2681 fere
1070 2648 1108 2681 in
1135 2647 1342 2682 violaceum
1369 2648 1548 2684 tendens:
1576 2659 1638 2682 cx·
1679 2652 1683 2656 “

102 2706 254 2739 siccatae
280 2706 359 2739 fere
386 2705 623 2749 nigrescens.
675 2704 912 2738 Structuram
939 2707 977 2738 et
1001 2703 1146 2738 fructus
1173 2703 1325 2748 generis
1353 2703 1442 2738 vidi.

192 2762 281 2796 Haec
307 2764 442 2805 quarta
469 2761 613 2806 species
640 2761 755 2795 Novae
794 2762 985 2796 Zelandize
1023 2762 1133 2805 hujus
1173 2760 1344 2803 Generis,
1384 2772 1544 2805 quaeque
1573 2774 1638 2798 suo

102 2819 212 2854 modo
237 2818 540 2853 distinctissima.
591 2817 628 2853 Si
655 2818 694 2852 P.
735 2818 950 2854 dichotoma
987 2818 1204 2853 Chondrum
1232 2817 1418 2862 quendam
1457 2818 1639 2864 adspectu
