1757 3114
90 78 408 131 Peyssonnezia.
716 80 1007 129 SQUAMARIEAE.
1056 125 1058 127 ,
1543 85 1623 127 385

86 193 123 234 3.
154 194 200 235 P.
231 206 431 235 coccmEA
461 192 525 245 (J.
558 193 638 247 Ay.
670 199 813 248 mser.)
842 195 995 237 fronde
1036 198 1260 238 crustacea
1304 197 1502 240 coccinea
1532 202 1625 240 tota

199 263 439 304 arctissime
484 262 658 316 adnata,
691 263 856 306 cellulis
901 265 1028 305 strati
1075 265 1370 308 decumbentis
1408 280 1434 307 a
1464 267 1625 321 pagina

199 331 437 373 observatis
468 331 511 372 in
543 330 680 374 lineas
712 333 928 374 evidentes
959 334 1211 388 conjunctis,
1235 335 1446 377 diametro
1468 349 1624 390 parum

196 400 477 454 longioribus,
525 399 607 441 filis
654 402 781 443 strati
826 402 1126 444 adscendentis
1175 404 1410 446 admodum
1465 406 1624 447 crassis

196 469 601 523 pauci-articulatis,
635 470 828 512 articulis
859 471 1056 513 omnibus
1088 473 1291 515 brevibus
1323 474 1584 517 subcubicis.

251 538 360 580 Hab.
405 537 462 579 ad
506 539 630 581 littus
682 539 957 581 Occidentale
1011 540 1142 583 Novae
1196 541 1440 585 Hollandiae
1496 543 1623 598 (Miss

348 607 610 664 Bunburyl).

174 687 312 722 Crusta
336 699 448 732 quam
474 688 514 722 in
540 689 856 724 antecedentibus
893 690 1013 725 multo
1050 692 1217 726 crassior
1243 694 1282 726 et
1307 691 1464 738 firmior,
1496 693 1622 728 made-

81 745 181 780 facta
205 745 364 790 pulchre
389 746 578 789 coccinea,
618 747 810 782 exsiccata
846 749 1056 792 obscurior,
1094 751 1176 784 tota
1213 750 1415 794 superficie
1441 750 1621 786 inferiore

81 803 234 837 adnata.
284 802 452 837 Stratum
491 804 721 839 decumbens
759 807 909 840 constat
947 806 1116 841 seriebus
1154 808 1283 852 paucis
1321 807 1620 844 horizontalibus

81 861 318 905 cellularum,
344 872 427 905 quse
465 872 485 894 a
509 862 649 906 pagina
685 864 895 898 observatae
933 863 973 897 in
1010 863 1129 899 lineas
1169 864 1371 900 distinctas
1410 865 1620 901 flabellato-

76 918 244 952 radiatas
282 919 339 959 (ut
363 919 403 952 in
430 918 619 964 affinibus)
646 919 841 965 disposita}
879 921 1081 966 adparent3
1120 921 1280 967 singulae
1309 923 1457 958 cellulae
1483 925 1619 959 breves

76 975 526 1021 hexagono-subcubicae.
578 976 747 1012 Stratum
781 979 1016 1013 adscendens
1047 978 1126 1013 fere
1159 979 1397 1015 verticaliter
1423 992 1444 1015 a
1469 981 1619 1015 decum—

76 1032 193 1066 bente
221 1031 345 1077 surgit
370 1032 444 1067 filis
471 1033 651 1068 brevibus
678 1035 816 1069 crassis
843 1035 1049 1081 contiguis,
1075 1036 1114 1070 in
1140 1036 1215 1070 ima
1240 1040 1348 1082 parte
1367 1038 1619 1073 crassioribus

75 1088 260 1133 articulis,
286 1089 326 1123 in
352 1090 548 1135 superiore
574 1103 706 1135 parum
733 1092 984 1137 tenuioribus,
1010 1093 1184 1128 omnibus
1211 1094 1401 1130 diametro
1420 1096 1617 1139 subaequa-

75 1145 189 1190 libus,
215 1147 449 1181 constitutis.
499 1148 746 1183 Nemathecia
770 1149 845 1184 filis
872 1161 978 1194 aeque
1016 1150 1186 1185 breviter
1225 1152 1440 1187 articulatis
1478 1153 1619 1188 consti-

76 1205 162 1238 tuta
186 1207 225 1238 et
249 1203 288 1238 in
312 1203 371 1238 his
400 1204 684 1250 sphaerosporas
709 1206 947 1252 pyriformes,
987 1208 1112 1242 nnllas
1151 1219 1241 1244 vero
1279 1209 1463 1245 distincte
1489 1210 1617 1245 subdi-

75 1260 177 1295 visas
203 1260 294 1296 vidi.

73 1363 116 1384 *²⁸
152 1363 398 1408 Frondibus
429 1367 662 1409 evidentius
692 1367 1038 1420 membranaceis,
1069 1370 1194 1412 initio
1228 1371 1418 1422 adactis,
1450 1372 1615 1414 demum

187 1447 299 1487 saepe
335 1449 418 1488 pro
457 1439 584 1488 parte
629 1435 783 1478 solutis
813 1440 852 1478 ct
872 1437 1122 1490 plerumque
1164 1438 1272 1482 loliis
1317 1453 1452 1493 supra
1497 1441 1614 1484 alias

187 1503 521 1545 incumbentibus
551 1504 802 1546 imbricatis.

73 1595 110 1635 4.
142 1594 186 1636 P.
218 1594 346 1637 NovAE
376 1596 629 1638 HOLLANDIAE
661 1598 812 1649 (Kii’tc.
848 1598 918 1652 Sp.
942 1613 989 1652 22.
1022 1601 1124 1656 693)
1154 1615 1377 1656 purpurea
1407 1616 1614 1647 carnoso-

188 1664 532 1716 membranacea,
564 1669 657 1708 tota
693 1667 854 1721 pagina
899 1668 1102 1711 inferiore
1133 1669 1307 1723 adnata,
1339 1671 1513 1715 demum
1545 1688 1612 1716 so-

189 1732 294 1784 luta,
317 1737 360 1774 et
381 1737 529 1776 crusta
558 1735 757 1777 calcarea
778 1735 833 1777 ad
863 1737 1081 1790 margines
1113 1752 1250 1793 usque
1282 1740 1482 1795 obducta,
1513 1756 1614 1796 pro-

183 1800 315 1842 funde
346 1802 483 1843 incisa
514 1807 557 1844 et
587 1803 802 1846 multifida
832 1805 999 1847 laciniis
1030 1807 1073 1847 in
1105 1808 1254 1850 orbem
1286 1811 1500 1863 expansis,
1524 1812 1611 1853 sin—

185 1869 298 1923 gulis
330 1884 463 1925 supra
494 1870 742 1914 inferiorem
781 1877 951 1926 partem
983 1879 1216 1929 angustam
1248 1881 1290 1919 et
1321 1878 1613 1921 sublinearem

185 1939 587 1982 cuneato-dilatatis
633 1942 792 1982 iterum
847 1942 1086 1995 multifidis,
1141 1946 1269 1987 strati
1313 1946 1612 1991 decumbentis

183 2007 635 2050 submonostromatici
666 2014 709 2051 et
739 2010 1040 2054 adscendentis
1071 2014 1267 2056 articulis
1299 2018 1611 2071 subrectangu—

181 2074 348 2117 laribus
379 2077 591 2131 contiguis
621 2077 835 2120 diametro
867 2080 1051 2134 2—3plo
1082 2080 1364 2136 longioribus.
1400 2085 1450 2127 P.
1482 2099 1610 2138 squa—

184 2145 328 2186 maria
357 2147 386 2198 β
421 2145 553 2187 Novae
575 2146 825 2189 Hollcmidioe
861 2149 990 2191 Klete.
1012 2149 1038 2191 Z.
1060 2164 1092 2192 c.
1120 2150 1169 2192 P.
1196 2152 1329 2195 Novce
1361 2153 1612 2197 Hollandioe

184 2211 323 2255 Harv.
354 2214 401 2255 iii
435 2213 614 2267 synops.
650 2214 779 2269 Pliyc.
811 2221 944 2259 castr.
976 2232 1046 2260 mo
1078 2220 1173 2261 470.

263 2281 373 2323 Hab.
405 2282 461 2323 ad
493 2281 656 2324 Novam
687 2284 965 2327 Hollandiam
997 2287 1319 2332 occidentalem.

158 2359 280 2395 Frons
307 2361 689 2407 sesqui-bipollicaris
715 2365 755 2398 in
782 2365 939 2401 lacinias
967 2367 1098 2402 abiens
1125 2380 1361 2415 numerosas,
1384 2374 1469 2407 1-3
1488 2372 1610 2407 lineas

67 2416 215 2451 inferne
243 2418 355 2462 latas,
376 2430 490 2464 supra
507 2419 604 2455 hanc
630 2425 831 2467 angustam
857 2427 1005 2468 partem
1031 2427 1393 2462 cuneato-dilatatas
1420 2432 1459 2463 et
1477 2429 1610 2474 duplo-

67 2474 186 2519 triplo
212 2474 382 2519 latiores,
408 2475 548 2511 iterum
575 2489 595 2512 a
619 2479 791 2523 margine
818 2481 1048 2526 tangentiali
1074 2483 1225 2518 incisas.
1275 2483 1371 2519 Tota
1395 2485 1536 2531 pagina
1552 2485 1610 2520 in-

17 2539 20 2542 *
66 2531 182 2566 ferior
219 2531 298 2566 fere
336 2532 381 2566 ad
420 2533 611 2579 margines
651 2546 769 2580 usque
808 2541 937 2572 crusta
975 2539 1147 2574 calearea
1183 2540 1362 2575 obducta.
1412 2541 1608 2587 Margines

67 2588 213 2624 frondis
250 2589 473 2624 madefactae
500 2591 540 2625 in
566 2596 698 2627 nostra
735 2594 911 2629 deorsum
950 2596 1113 2631 incurvi.
1164 2599 1337 2634 Stratum
1374 2598 1607 2634 decumbens

66 2649 108 2681 ut
132 2646 172 2680 in
199 2645 428 2690 Squamariis
456 2650 569 2682 tenue
596 2652 634 2683 et
660 2649 738 2684 fere
764 2653 1154 2688 monostromaticum.
1191 2654 1310 2689 Strati
1336 2656 1607 2692 adscendentis

66 2701 130 2736 fila
155 2701 306 2748 oblique
333 2706 487 2738 arcuata
513 2704 631 2740 dense
656 2708 921 2753 adproximata
940 2710 1134 2755 contigua,
1154 2711 1326 2746 articulis
1345 2712 1487 2748 infimis
1506 2726 1607 2749 eras-

68 2758 245 2803 sioribus,
273 2760 534 2804 superioribus
561 2762 828 2809 cylindraceis,
861 2766 1047 2801 diametro
1080 2768 1331 2814 2plo—triplo
1358 2770 1607 2816 longioribus,

48 2817 335 2852 iterminalibus
363 2818 616 2864 brevioribus,
654 2822 827 2857 omnibus
867 2823 1121 2859 endoehroma
1146 2824 1273 2861 vivide
1313 2827 1523 2862 coloratum
1548 2841 1607 2863 ro-

1423 2886 1467 2918 25
