1757 3114
89 152 347 196 Eueheuma.
698 195 702 198 ,
727 151 967 194 SOLIERIEAE.
1539 157 1619 198 599

85 264 317 319 gemmidia
346 264 652 308 Eucheumatis
684 266 728 307 in
758 264 841 307 filis
881 266 1239 310 moniliformibus
1280 269 1440 311 seriata
1470 273 1512 310 et
1542 270 1616 311 ob-

84 333 214 387 longa
251 333 408 386 pinxit3
456 338 498 375 et
528 334 589 375 ita
620 349 790 389 quoque
835 334 926 388 ipse
971 335 1202 389 aliquando
1242 337 1386 378 videre
1431 338 1614 388 credidi3

85 401 199 456 quod
230 415 341 451 vero,
374 402 408 443 si
439 402 520 443 rite
551 416 753 457 auguror,
799 406 915 444 statu
953 404 1184 447 immaturo
1214 406 1276 447 ita
1306 406 1465 460 pendet
1494 410 1542 447 ut
1573 407 1615 447 in

82 470 357 524 cystocarpiis
388 469 547 524 plantae
579 472 798 513 exsiccatae
820 472 962 525 apices
984 473 1250 515 ramulorum
1272 474 1337 529 (in
1354 474 1615 529 juvenilibus

83 538 164 581 filis
209 540 551 595 gemmidiiferis)
590 554 702 595 aegre
734 545 1003 594 separantur,
1049 542 1162 584 unde
1207 543 1438 597 gemmidia
1474 543 1518 585 in
1548 543 1614 585 his

82 607 329 649 inchoantia
359 612 406 649 ut
437 608 607 650 articuli
637 608 698 650 fili
728 609 978 662 principalis
1010 610 1234 653 inferiores
1257 612 1312 653 ab
1333 612 1505 653 incauto
1537 611 1613 653 ha-

82 677 275 716 beantur.
333 676 381 717 In
412 677 691 730 cystocarpiis
723 677 1027 719 Eucheumatis
1058 678 1132 720 fila
1152 680 1464 733 gemmidiifera
1484 679 1612 733 paulo

80 743 278 799 longiora
308 749 350 786 et
381 745 518 799 magis
556 746 986 799 ramoso-composita
1024 760 1153 800 quam
1184 748 1227 788 in
1258 747 1353 790 aliis
1385 749 1613 802 generibus

80 813 185 854 mihi
231 812 542 866 adparuerunt.
602 812 815 856 Caeterum
860 815 1127 869 cystocarpia
1171 817 1307 870 magis
1351 821 1528 859 externa
1571 821 1614 859 et

79 896 155 923 suo
187 882 362 935 proprio
406 882 646 936 pericarpio
693 877 870 925 munita.
931 883 1249 938 Sphaerosporee
1296 890 1395 926 sunt
1426 886 1612 928 zonatim

79 949 243 1001 clivisae3
276 950 319 990 in
360 949 666 992 Meristotheca
703 955 802 992 sunt
840 953 1052 994 cruciatae.
1112 953 1249 995 Frons
1280 954 1323 995 in
1354 954 1612 996 Rhabdonia

78 1021 120 1058 et
152 1018 457 1060 Meristotheca
488 1019 793 1071 subtubulosa3
825 1021 868 1062 in
900 1021 1192 1063 Eucheumate
1223 1022 1374 1063 farcta.
1416 1022 1611 1065 Stratum

77 1086 393 1139 periphericum
426 1091 491 1128 est
521 1088 564 1128 in
597 1087 891 1130 Eucheumate
913 1090 1066 1131 eximie
1089 1091 1318 1132 evolutum.
1360 1090 1612 1134 Substantia

77 1155 228 1196 eximie
260 1155 543 1209 cartilaginea
574 1161 617 1198 et
647 1157 820 1199 habitus
850 1159 1064 1212 proprius.

191 1222 481 1278 Cystocarpiis
512 1227 771 1279 comparatis
803 1227 1108 1269 Eucheumatis
1141 1232 1182 1270 et
1213 1228 1609 1282 Sphaerococcoide-

78 1305 201 1332 arum
233 1291 476 1345 analogiam
509 1293 625 1334 haud
657 1295 855 1349 exiguam
891 1296 1005 1337 inter
1045 1301 1229 1351 utraque
1261 1297 1351 1339 sine
1382 1297 1514 1340 dubio
1545 1299 1608 1340 in-

76 1361 220 1402 venire
246 1360 384 1402 liceat.
425 1362 576 1412 Quoad
599 1363 921 1417 dispositionem
943 1366 1133 1418 partium
1165 1365 1388 1407 differunt:
1440 1367 1489 1407 In
1521 1367 1607 1408 Eu-

75 1429 298 1471 cheumate
330 1444 355 1471 a
385 1429 584 1483 placenta
620 1433 757 1486 magis
790 1433 1008 1474 evidenter
1047 1433 1226 1475 centrali
1264 1449 1608 1488 quoquoversum

74 1497 151 1540 fila
167 1498 387 1539 radiantia
404 1499 681 1547 emittuntur;
705 1501 745 1541 in
764 1500 1180 1554 Spliaerococcoideis
1202 1516 1227 1543 a
1249 1502 1449 1555 placenta
1470 1504 1608 1546 basali

72 1570 147 1607 aut
166 1567 303 1620 magis
335 1567 539 1620 depressa
559 1572 635 1609 aut
655 1569 911 1623 prolongata
932 1571 1202 1623 proveniunt.
1242 1572 1292 1612 In
1313 1571 1607 1615 Eucheumate

72 1634 245 1676 nucleus
291 1637 630 1689 subcompositus
676 1637 857 1689 videtur,
897 1638 979 1680 filis
1012 1640 1232 1682 sterilibus
1265 1653 1290 1681 a
1321 1641 1520 1694 placenta
1551 1641 1605 1683 ad

70 1702 243 1756 plexum
275 1703 554 1745 circumcirca
598 1705 796 1747 nucleum
844 1707 1103 1748 ambientem
1141 1709 1351 1761 porrectis
1382 1708 1605 1752 fasciculos

69 1771 241 1813 filorum
272 1771 480 1813 fertilium
512 1774 827 1826 separantibus.
890 1775 1132 1817 Subsimilis
1164 1776 1388 1830 dispositio
1420 1778 1463 1819 in
1495 1778 1604 1820 Gra-

70 1839 222 1881 cilaria
252 1844 294 1881 et
326 1840 476 1894 Tyloto
508 1841 635 1892 adsit,
668 1842 876 1895 placentae
902 1858 1051 1897 nempe
1073 1845 1182 1886 lobis
1205 1846 1459 1898 prominulis
1481 1861 1604 1902 cryp-

69 1912 136 1950 tas
158 1908 323 1951 sertiles
356 1911 671 1963 separantibus.
734 1911 833 1964 Ipsa
870 1912 1054 1966 denique
1091 1913 1165 1954 fila
1196 1915 1510 1968 gemmidiifera
1540 1917 1604 1958 in-

71 1975 412 2030 Sphaerococceis
458 1981 643 2033 propriis
690 1980 805 2022 haud
851 1983 1049 2035 exiguam
1087 1998 1182 2024 cum
1214 1985 1266 2027 iis
1297 1986 1603 2030 Eucheumatis

71 2045 258 2088 offerunt
288 2047 625 2099 similitudinem,
658 2049 839 2102 singulis
870 2050 959 2092 fere
991 2051 1184 2094 articulis
1216 2055 1515 2097 terminalibus
1547 2057 1601 2098 si-

68 2113 156 2155 mul
186 2117 584 2158 maturescentibus.

193 2253 212 2274 *
248 2253 418 2296 Fronde
447 2256 585 2297 sterili
616 2258 885 2300 terctz'usczda
910 2258 1095 2311 papillis
1117 2260 1217 2314 fere
1247 2261 1472 2305 denudata.

68 2370 103 2410 1.
136 2369 268 2410 EUCH.
301 2384 445 2411 NUDUM
476 2371 539 2423 (J.
580 2372 661 2425 Ass.
705 2373 775 2426 Sp.
816 2373 914 2426 Aly.
936 2388 984 2426 p.
1017 2375 1117 2428 (525)
1156 2374 1308 2416 fronde
1348 2377 1599 2421 tereti-sub-

178 2453 421 2492 compressa
451 2454 555 2494 vage
587 2441 1036 2493 dichotomo-ramosa,
1075 2444 1206 2486 ramis
1245 2443 1455 2499 elongatis
1486 2447 1598 2489 iner-

178 2508 332 2559 mibus,
365 2509 560 2562 apicibus
591 2511 758 2553 conicis.

330 2576 426 2618 Hab
431 2611 605 2619 .....

155 2666 212 2701 Ex
237 2666 370 2701 habitu
395 2668 535 2711 plantae
562 2669 723 2714 depictae
751 2671 915 2706 Chondr.
942 2671 1228 2707 vermicularem
1257 2674 1370 2709 Isim.
1392 2676 1461 2710 tab.
1483 2676 1596 2722 Phyc.

72 2723 148 2758 Vol.
178 2724 307 2758 XVII
327 2724 396 2759 tab.
424 2725 466 2759 61
492 2725 539 2759 ad
563 2726 660 2761 hanc
686 2732 854 2763 nostram
893 2729 1056 2774 speciem
1093 2730 1235 2764 referi-c
1271 2724 1481 2776 propensus
1507 2734 1596 2769 fuis-

65 2792 154 2814 sem.
206 2781 405 2815 Structura
431 2793 519 2817 vero
545 2783 697 2819 diversa
728 2786 892 2830 videtur,
926 2790 1057 2832 utpote
1091 2791 1250 2822 stratum
1278 2789 1376 2823 axile
1402 2790 1441 2824 in
1466 2795 1597 2827 nostra

63 2838 173 2873 adest
198 2839 538 2884 evidentissimum,
577 2843 675 2884 quod
707 2843 746 2877 in
782 2844 889 2879 icone
927 2844 1123 2891 Kutzingii
1158 2846 1410 2882 desideratur.
1460 2849 1596 2886 Planta

62 2896 257 2943 Kutzingii
283 2909 302 2931 e
328 2897 426 2933 freto
452 2898 615 2935 Sundico
639 2901 793 2937 dicitur.
