1757 3114
712 164 952 207 SOLIERIEAE.
1527 163 1574 203 57
1582 165 1604 203 7

67 280 241 321 differre
272 279 376 321 mihi
407 278 724 332 adparuerunt2
758 281 859 319 sunt
889 277 932 317 in
962 274 1163 316 inferiore
1194 278 1317 328 parte
1340 276 1495 329 saepius
1518 290 1605 318 ma-

66 349 129 402 gis
161 349 375 401 elongata,
422 347 658 388 evidentius
704 346 936 387 articulata
966 348 1008 385 et
1039 345 1093 385 ab
1132 345 1326 386 articulis
1373 345 1605 397 ramulosa,

65 417 243 457 ramulis
276 415 611 470 gemmidiiferis.
653 414 823 456 Ramuli
854 413 1103 454 terminales
1135 413 1307 455 demum
1329 412 1602 455 fasciculato-

66 485 276 538 fastigiati
308 488 408 525 sunt
430 485 471 525 in
495 483 710 525 Solierieis
732 482 987 536 plerumque
1019 480 1247 533 longiores,
1283 482 1344 523 ita
1374 483 1606 524 transitum

65 549 119 593 ad
166 551 553 606 Corynospermeas
599 554 817 604 parantes.
878 549 1200 591 Placentatione
1232 554 1273 591 et
1313 550 1606 604 dispositionis

65 635 215 662 norma
259 620 429 662 filorum
467 619 785 673 praegnantium
819 632 844 659 a
875 617 1095 667 Gelidieis‚
1130 617 1247 659 velut
1293 618 1348 660 ab
1380 617 1604 661 ordinibus

64 688 540 742 Corynospermearuni,
572 687 740 728 facilius
769 686 1094 740 distinguantur
1126 685 1356 728 Solierieae.

178 757 251 809 Sin
282 758 422 809 hodie,
454 761 673 799 structura
716 755 916 797 ordinum
956 755 1225 796 diversorum
1265 760 1331 796 sat
1370 755 1477 797 bene
1508 770 1606 810 cog-

64 827 166 875 nita,
200 826 416 868 Solierieae
449 826 560 866 inter
592 824 738 878 plures
771 824 943 865 ordines
985 823 1302 876 quodammodo
1339 824 1605 866 intermediae

63 899 332 945 censeantur,
378 892 494 935 haud
528 893 775 933 mirandum
807 892 842 933 si
873 895 1012 942 antea,
1046 891 1147 932 dum
1186 896 1451 933 structuram
1482 894 1606 935 nobis

62 964 202 1004 minus
233 963 503 1017 perspicuam
544 962 785 1009 habuimus„
825 961 877 1002 de
908 960 1189 1002 affinitatibus
1231 961 1363 1003 dubia
1393 962 1606 1015 praevalu-

62 1035 199 1072 erunt.
241 1031 337 1084 Ipse
362 1031 452 1085 jam
484 1032 528 1071 in
559 1029 794 1084 primordio
826 1028 1064 1077 voluminis,
1099 1029 1212 1082 quod
1245 1029 1468 1072 Florideas
1491 1044 1605 1072 com-

61 1101 274 1153 plectitur,
308 1098 534 1141 Solieriam
568 1102 610 1139 et
642 1098 892 1139 Eucheuma
933 1097 988 1137 ad
1020 1097 1214 1138 ordinem
1247 1098 1463 1151 quendam
1496 1098 1606 1141 Soli—

61 1170 275 1210 eriearum
306 1168 446 1217 retuli,
480 1181 619 1221 (1116111,
653 1167 784 1208 dubio
816 1171 959 1207 tamen
991 1165 1202 1219 adposito,
1227 1164 1482 1208 Chondrieis
1505 1168 1606 1208 vici-

60 1253 162 1280 num
194 1240 355 1292 putavi.
416 1238 571 1280 Postea
602 1237 697 1278 aliis
735 1236 872 1278 fidens
904 1236 1169 1290 analysibus‚
1202 1252 1285 1277 non
1316 1237 1452 1290 probe
1483 1237 1606 1278 insti-

60 1307 179 1358 tutis,
212 1306 515 1348 lthabdoniam
548 1305 798 1346 Eucheuma
828 1309 871 1346 et
892 1304 1116 1347 Solieriam
1149 1308 1196 1345 ut
1226 1305 1397 1346 Genera
1418 1305 1606 1347 diverso-

61 1390 156 1416 rum
179 1375 377 1416 ordinum
401 1374 618 1427 descripsi.
659 1374 852 1427 Denique
883 1373 926 1414 in
958 1373 1161 1426 opusculo
1184 1373 1321 1427 (Bidr.
1344 1373 1504 1415 Florid.
1529 1373 1606 1428 Sy-

62 1445 204 1497 stem.)
229 1444 308 1485 sub
331 1443 548 1485 Solierieis
570 1457 728 1497 genera
751 1442 948 1497 conjunxi
979 1432 1238 1496 principalia
1270 1443 1445 1492 ordinis,
1478 1457 1606 1497 quem

61 1512 442 1565 Desmiospermeis
475 1511 617 1552 retuli.
680 1511 817 1552 Hodie
857 1524 1016 1563 genera
1054 1510 1261 1553 nonnulla
1293 1512 1424 1554 dubie
1455 1512 1605 1566 adjeci,

19 1605 20 1611 κ
62 1594 157 1634 quae
191 1580 333 1634 quoad
380 1584 645 1621 structuram
692 1581 923 1634 pericarpii
968 1580 1074 1621 mihi
1113 1585 1190 1621 aut
1220 1581 1381 1634 ignota,
1414 1585 1491 1623 aut
1521 1596 1607 1623 non

62 1649 123 1690 ita
153 1650 325 1703 cognita
355 1653 403 1689 ut
434 1648 486 1690 de
517 1649 569 1690 iis
596 1648 806 1703 judicium
838 1653 1004 1690 certum
1035 1648 1149 1690 ferre
1182 1649 1360 1691 valeam.

329 1730 624 1783 Disponantur
656 1728 846 1771 Genera:

63 1799 263 1848 TRERUS
299 1799 332 1847 l.
406 1798 833 1848 CAUMCAM‘HEAE
866 1809 1018 1852 fronde
1042 1809 1340 1859 subtubulosa,
1365 1811 1436 1852 axi
1457 1825 1605 1852 mono-

173 1878 373 1931 siphonio
405 1877 637 1919 articulato
670 1880 819 1918 tubum
842 1882 1136 1931 percurrente,
1159 1879 1292 1919 ramis
1314 1879 1369 1920 ab
1391 1880 1462 1921 axi
1484 1893 1606 1933 egre-

173 1947 390 1988 dientibus
428 1951 613 1988 stratum
656 1947 976 2001 periphericum
1012 1949 1262 2001 contiguum
1302 1947 1467 1989 frondis
1507 1949 1605 1990 sub-

172 2015 384 2057 tubulosae
417 2016 780 2067 sustentantibus3
814 2016 1020 2058 nucleolis
1052 2017 1167 2057 circa
1195 2016 1439 2070 placentam
1461 2017 1605 2058 radia-

172 2086 250 2126 tim
281 2085 512 2138 dispositis,
546 2084 630 2125 filis
663 2085 882 2127 sterilibus
905 2086 1034 2127 nullis
1063 2086 1428 2139 interjacentibus,
1451 2087 1494 2127 in
1526 2100 1604 2127 nu-

172 2155 310 2195 cleum
341 2154 430 2195 fere
464 2154 700 2207 simplicem
733 2156 1096 2197 convenientibus.

64 2221 213 2257 Fronde
230 2222 408 2266 filzfornn?
432 2233 521 2267 vaye
544 2223 790 2257 ramosissima
790 2248 1071 2257 ......
1121 2222 1282 2257 CXLIV.
1312 2223 1602 2258 CAULACANTHUS.

60 2303 260 2352 TRIBUS
295 2303 350 2352 Π.
422 2303 723 2357 SOUERIEAE,
772 2314 923 2356 fronde
979 2315 1218 2356 evidentius
1272 2314 1476 2357 tubulosa
1528 2317 1605 2355 aut

170 2382 311 2422 farcta
342 2385 384 2422 et
415 2381 709 2434 solidescente,
742 2387 879 2424 strato
910 2382 1141 2424 medullari
1187 2382 1270 2424 filis
1316 2384 1406 2424 sine
1453 2382 1602 2423 ordine

172 2450 400 2503 conspicuo
432 2449 650 2503 dispositis
681 2452 934 2502 constituto3
968 2451 1175 2492 nucleolis
1214 2451 1328 2491 circa
1358 2450 1604 2504 placentam

172 2519 375 2561 radiatim
396 2518 628 2571 dispositis,
661 2519 897 2573 interjectis
929 2519 1011 2559 fili÷
1035 2518 1256 2560 sterilibus
1278 2519 1455 2559 invicem
1480 2532 1602 2572 sepa—

172 2587 290 2637 ratis,
322 2586 521 2628 nucleum
554 2587 792 2629 evidentius
825 2588 1107 2641 compositum
1138 2587 1440 2629 formantibus.

106 2670 134 2724 †
168 2669 487 2722 &alzfoerosporis
517 2671 738 2711 cruciatim
770 2671 924 2712 divisis
956 2670 1024 2723 (m
1053 2683 1134 2711 uno
1168 2668 1328 2711 Genere
1358 2670 1548 2725 iynotis).

65 2763 254 2805 frondis
285 2765 420 2804 strato
452 2764 654 2804 exteriore
686 2764 783 2821 filis
827 2763 1113 2814 verticalihus,
1151 2777 1267 2805 wmco
1314 2762 1479 2804 laxiore
1501 2762 1600 2815 fere

497 2835 661 2874 tcmtum
692 2833 887 2875 cohibitis
918 2836 1156 2874 constante.-

62 2899 210 2935 Fromle
230 2899 350 2942 pluma
372 2900 561 2943 piu‘natim
585 2900 823 2945 decomposita
858 2928 865 2934 .
916 2927 924 2933 .
975 2928 982 2935 .
1036 2926 1044 2935 .
1097 2927 1103 2934 .
1156 2898 1330 2934 CXLV?
1356 2899 1565 2936 Gnmmnm.

1421 2958 1463 2990 37
