1757 3114
145 125 190 141 νῆ

141 125 220 165 0:2ss
783 125 1084 169 CHAETANGIEAE.
1407 129 1662 183 Apoplclaea.

142 239 178 278 1.
209 238 255 279 B.
301 252 629 280 SPLANCHNOIDES
676 239 813 281 Ham.
860 239 884 280 Z.
930 254 962 280 c.
1008 242 1089 282 tab.
1139 240 1262 284 CXI.
1318 242 1664 296 Chondroszfflcon

252 307 547 360 splachnozdes
580 308 709 350 Karta.
742 309 823 350 tab.
862 308 988 362 Phyc.
1032 309 1118 352 Vol.
1154 311 1281 354 XIX
1308 314 1388 356 tab.
1424 315 1485 355 19.

409 374 473 415 Ad
506 373 668 417 Novam
697 376 973 418 Hollandiam
1003 378 1319 422 occidentalem.

141 547 335 597 Gxxlss‘?
360 548 660 600 ›APOPHLAEA
697 561 833 603 Harv.
865 563 910 603 in
941 562 1075 605 Hook.
1105 563 1257 606 Jourfn.
1297 565 1414 606 1845.
1437 580 1485 618 p.
1519 566 1598 607 549
1629 569 1667 608 ct

256 628 325 670 Fl.
352 629 483 671 Novae
505 629 651 683 Zebp.
675 631 766 671 244.
793 631 922 672 Kritz.
948 630 1078 684 ὅρῳ.
1102 632 1195 673 795.
1227 632 1270 674 J.
1303 632 1382 687 Ay.
1418 633 1489 689 Sp.
1510 647 1550 688 p.
1572 635 1664 675 457.

140 744 274 785 Frons
296 744 566 798 cylindracea
588 744 1074 798 dichotomo—fastigiata
1096 746 1242 787 stratis
1264 746 1431 789 duobus
1448 752 1664 790 contexta:

252 811 455 853 interiore
500 811 581 854 filis
626 814 886 854 tenuissimis
938 812 1198 855 reticulatim
1247 818 1665 860 anastomosantibus

252 879 501 921 densissime
532 881 792 923 intertextis:
832 881 1042 923 exteriore
1081 881 1164 923 filis
1202 884 1475 926 verticalibus
1506 886 1665 927 articu-

251 946 366 997 latis,
399 947 608 1002 elongatis
640 950 893 992 dichotomis
925 954 966 991 et
997 950 1162 992 inferne
1194 953 1536 995 anastomosibus
1567 968 1665 995 con-

246 1016 419 1071 junctis,
451 1031 573 1059 muco
596 1018 804 1060 cohibitis.
847 1017 1151 1072 ''Cystocarpia
1179 1020 1393 1072 immersa,
1427 1023 1666 1075 spermatiis

252 1085 535 1138 parietalibus
556 1085 831 1137 fasciculatis,
854 1087 1226 1140 panamematibus
1244 1088 1488 1130 comitatis.''
1524 1083 1667 1143 §3072ae-

250 1167 438 1206 rosporoe
469 1154 512 1195 in
545 1155 705 1209 cryptis
736 1156 848 1195 inter
886 1154 959 1195 fila
998 1156 1220 1197 corticalia
1259 1146 1667 1212 excavatis,‘carp0-

251 1222 403 1277 stomio
434 1222 579 1264 hiante
611 1223 843 1274 instructis,
877 1223 1120 1276 parietales,
1160 1228 1354 1266 centrum
1390 1239 1536 1267 versus
1567 1240 1665 1268 con-

250 1295 487 1346 vergentes,
518 1292 727 1346 elongatae
760 1292 944 1334 zonatim
977 1292 1134 1334 divisae.

251 1406 532 1451 Characteres
562 1408 728 1449 fructus
758 1408 947 1449 nondum
977 1408 1080 1449 mihi
1112 1409 1283 1450 omnino
1321 1409 1438 1451 clari.
1498 1410 1667 1466 Harvey

138 1478 165 1518 1.
198 1490 231 1518 c.
263 1490 396 1530 genus
446 1477 720 1527 constituens,
767 1476 930 1518 nullam
975 1476 1027 1519 de
1072 1476 1217 1518 fructu
1261 1478 1519 1520 mentionem
1555 1479 1666 1521 fecit.

138 1545 327 1607 Kiitzjng
359 1549 622 1587 structuram
653 1545 893 1599 Chaetangii
925 1546 1032 1588 dixit
1063 1550 1105 1587 et
1135 1548 1403 1601 cystocarpia
1433 1548 1574 1591 verbis
1598 1564 1666 1590 su-

138 1628 219 1668 pra
248 1613 391 1655 allatis
423 1614 658 1667 descripsit.
718 1614 888 1668 Harvey
926 1615 970 1655 in
1000 1614 1129 1656 Flora
1159 1614 1288 1657 Novae
1320 1615 1531 1658 Zelandiae
1563 1630 1666 1658 ana-

139 1683 250 1738 lysin
282 1682 398 1724 dedit
430 1682 621 1733 Generis,
655 1686 825 1736 cryptas
859 1683 962 1723 vidit
991 1683 1226 1737 pinxitque,
1257 1684 1301 1724 in
1321 1683 1388 1725 his
1410 1698 1507 1726 vero
1530 1685 1666 1738 sphae-

141 1764 343 1804 rosporas
374 1751 429 1792 ad
461 1751 750 1804 peripheriam
796 1751 1073 1793 circumcirca
1117 1751 1427 1805 provenientes,
1474 1756 1668 1794 centrum

142 1834 288 1862 versus
319 1824 478 1874 cryptae
510 1824 826 1874 convergentes,
857 1821 1127 1874 paucissimis
1158 1821 1508 1874 paranematibus
1540 1823 1668 1863 comi-

141 1892 255 1930 tatas
301 1888 553 1940 observavit,
600 1888 651 1930 de
696 1889 972 1943 cystocarpiis
1017 1904 1130 1939 vero,
1177 1889 1276 1931 licet
1306 1903 1332 1930 a
1362 1889 1590 1943 Kiitzingio
1627 1890 1669 1931 in

143 1956 369 2011 specimine
392 1971 417 1998 a
438 1957 605 2011 Harvey
637 1957 764 1998 misso
796 1957 1043 2009 observatis,
1075 1972 1126 1999 ne
1157 1958 1333 1999 verbum
1355 1957 1527 2011 quidem
1550 1958 1668 2000 dixit.

142 2026 249 2067 Mihi
280 2025 474 2079 denique,
507 2025 704 2078 plurimis
735 2025 959 2079 utriusque
991 2026 1144 2079 speciei
1189 2025 1383 2067 dissectis
1428 2026 1668 2079 specimini-

142 2095 236 2145 bus,
268 2093 433 2135 nullum
477 2092 621 2133 fructu
666 2093 880 2146 capsulari
923 2094 1180 2134 instructum
1225 2093 1366 2135 videre
1398 2094 1592 2147 contigit,
1625 2095 1668 2135 in

142 2162 337 2217 plurimis
368 2175 466 2203 vero
498 2165 668 2215 cryptas
700 2161 1007 2214 sphaerosporis
1039 2165 1210 2202 ornat-as
1242 2161 1338 2202 vidi.
1383 2161 1543 2212 Quibus
1575 2162 1668 2216 qui-

145 2231 243 2274 dem
287 2231 480 2273 omnibus
526 2229 829 2271 assumendum
873 2229 1090 2271 videretur
1133 2234 1362 2284 utrumque
1408 2230 1593 2272 fructum
1624 2231 1667 2271 in

143 2300 303 2355 cryptis
348 2298 559 2340 immersis
604 2298 821 2349 obvenire3
868 2312 998 2339 unum
1038 2312 1063 2339 a
1108 2297 1338 2351 Kiitzingio
1382 2298 1666 2350 observatum,

144 2368 287 2423 quoad
318 2367 646 2421 descriptionem
675 2365 820 2408 forsan
852 2364 1100 2420 Chaetangio
1132 2370 1351 2408 structura
1372 2367 1573 2418 similem3
1606 2367 1667 2408 al-

144 2441 284 2479 terum
315 2450 341 2478 a
372 2436 578 2490 Harveyo.
621 2435 774 2477 Obstat
804 2439 958 2486 tamen,
990 2439 1038 2476 ut
1069 2435 1173 2476 mihi
1204 2436 1382 2486 videtur,
1414 2435 1529 2489 quod
1559 2435 1667 2476 Kiit-

146 2507 242 2560 zing
273 2506 316 2546 in
347 2505 631 2557 descriptione
662 2503 834 2544 familiae
868 2501 1242 2557 Chaetangiearum
1273 2503 1380 2544 dixit
1402 2503 1667 2557 sphaerospo-

144 2589 216 2616 ras
247 2588 337 2616 esse
368 2574 411 2614 in
441 2571 737 2614 loculamentis
770 2571 1125 2613 subcorticalibus
1147 2575 1403 2626 aggregatas
1425 2574 1467 2612 et
1486 2584 1667 2624 parane-

145 2643 333 2684 matibus
363 2642 606 2692 instructas,
639 2641 765 2695 quod,
790 2654 920 2694 quum
951 2640 994 2680 in
1025 2640 1189 2682 nullum
1221 2641 1364 2683 Genus
1387 2654 1473 2682 suae
1494 2639 1666 2681 familiae

147 2711 345 2765 quadrat,
377 2709 521 2750 forsan
552 2709 722 2750 cuidam
750 2709 939 2750 indicare
961 2708 1189 2758 videretur,
1222 2722 1315 2749 eum
1337 2709 1476 2761 ipsum
1498 2711 1667 2761 cryptas

148 2776 548 2832 sphaerosporiferas
581 2777 823 2831 Apophlaeae
856 2777 1114 2828 observasse,
1147 2777 1318 2818 easdem
1349 2779 1490 2817 autem
1523 2790 1667 2817 errore

148 2848 333 2903 quodam
363 2860 441 2900 pro
472 2846 747 2900 cystocarpiis
779 2846 1066 2899 descripsisse.
