1762 3036
81 108 372 164 Kallymenia.
716 108 998 151 GIGARTINEAE.
1535 110 1612 150 221

190 223 303 265 unde
335 223 520 276 speciem
552 223 703 264 habitu
735 226 776 264 et
807 225 1027 264 structura
1058 220 1374 276 Kallymeniam
1402 220 1615 263 referente

190 291 400 332 fructibus
446 305 616 345 quoque
663 291 947 332 suadentibus
994 290 1049 331 ad
1095 290 1412 344 Kallymeniam
1454 289 1615 330 referre

190 360 320 400 licuit.
382 359 492 401 Hinc
523 360 663 401 adhuc
709 360 847 414 inagis
894 358 1073 400 dubium
1105 373 1159 399 an
1191 359 1241 400 K.
1273 358 1435 413 Pennyi
1466 364 1616 399 nostra

190 428 245 469 sit
275 427 427 479 forma,
461 443 486 470 a
516 429 644 470 modo
678 429 843 470 vivendi
874 432 981 469 orta.
1016 427 1102 468 Cfr.
1136 427 1172 468 J.
1204 429 1281 482 Ag.
1313 428 1340 468 l.
1373 441 1405 468 c.

342 497 451 539 Halo.
482 498 526 539 in
558 498 727 540 Oceano
759 497 921 539 arctico
953 497 1008 538 ad
1039 496 1343 551 Spetsbergen.

78 603 114 642 6.
147 602 197 643 K.
229 616 531 644 SCHIZOPHYLLA
577 603 734 654 (Ham).
765 603 911 657 mser.)
947 601 1098 642 fronde
1138 601 1615 653 gelatinoso-membra-

190 684 323 712 nacea
353 685 379 712 a
410 671 528 713 disco
560 670 742 712 radicali
774 671 818 711 in
850 671 1055 711 laminam
1089 669 1154 711 vix
1188 669 1413 723 conspicue
1445 670 1615 723 stipita-

191 743 279 779 tam
311 738 520 781 latissime
552 739 781 781 obovatam
811 739 1027 780 cuneatim
1059 752 1262 791 expansa,
1287 740 1480 792 margine
1502 739 1615 792 peri-

191 807 365 860 pherico
391 807 571 861 juvenili
602 807 908 861 integriusculo
940 807 1081 860 plano,
1114 806 1330 848 adultiore
1362 807 1404 847 in
1436 807 1616 849 lacinias

190 875 399 928 plurimas
430 876 766 928 longitudinales
796 876 1096 930 irregulariter
1118 875 1320 917 lacerato.
1352 875 1398 917 J.
1421 875 1502 929 Ay.
1540 876 1612 930 Sp.

183 957 231 997 p.
263 945 356 985 285.

344 1013 451 1055 Hab.
484 1014 540 1055 ad
571 1012 674 1068 Cap.
708 1015 746 1056 b.
780 1015 889 1067 Spei.

79 1115 115 1155 7.
149 1115 198 1156 K.
250 1115 473 1157 {ERGGRENI
505 1117 570 1171 (J.
603 1117 683 1171 Ay.
716 1121 864 1172 mser.)
894 1118 1046 1160 fronde
1078 1119 1613 1172 gelatinoso-membrana-

192 1196 278 1228 cea,
311 1198 336 1224 a
366 1183 483 1225 disco
515 1185 695 1226 radicali
728 1186 1006 1240 substipitata
1038 1188 1251 1229 cuneatim
1275 1201 1466 1241 expansa
1487 1189 1529 1229 in
1550 1187 1614 1229 la-

189 1252 326 1293 minas
358 1253 772 1296 obovato-cuneatas
817 1270 923 1309 vage
971 1258 1162 1310 sparsins
1208 1258 1342 1304 fissas,
1384 1260 1614 1311 segmentis

190 1320 494 1366 conformibus
528 1324 795 1377 marginibus
829 1329 1146 1377 segmentorum
1178 1325 1329 1367 leviter
1350 1326 1613 1374 incrassatis,

191 1391 470 1443 cystocarpiis
501 1390 645 1432 frondi
676 1392 889 1434 immersis
921 1408 997 1446 per
1028 1398 1251 1447 segmenta
1281 1395 1462 1446 singulis
1493 1409 1613 1448 spar-

189 1458 259 1498 sis.
292 1458 357 1498 An
392 1459 449 1499 K.
482 1458 746 1513 Harvegsana
781 1461 917 1503 Harv.
951 1463 994 1504 m
1029 1458 1095 1505 Fl.
1131 1464 1237 1505 Nov.
1271 1464 1357 1506 Zel.
1386 1478 1427 1517 2).
1461 1464 1569 1505 251?

341 1526 450 1568 Hab.
483 1528 536 1568 ad
570 1527 733 1569 Novam
764 1529 1015 1571 Zelandiani
1048 1531 1346 1588 (Berggrenl).

168 1604 259 1638 Cum
285 1605 329 1639 Κ.
356 1605 552 1640 reniformi
583 1608 710 1641 forsan
742 1608 899 1643 nimium
933 1622 1144 1655 cong-ruere
1171 1611 1382 1651 videbitur2
1410 1612 1439 1646 si
1466 1624 1612 1657 quoque

74 1665 245 1696 nostram
272 1663 318 1696 ad
345 1674 428 1697 oras
456 1664 618 1708 Europae
644 1666 784 1700 lectam
811 1666 1006 1711 vidissem,
1035 1668 1191 1703 formam
1219 1670 1264 1703 K.
1291 1670 1508 1705 reniformis
1527 1683 1614 1706 con-

76 1720 244 1754 siderare
271 1721 334 1755 vix
361 1721 607 1756 dubitassem.
658 1724 814 1760 Formas
842 1728 967 1759 autem
996 1739 1013 1759 e
1042 1726 1189 1761 dissitis
1217 1728 1309 1762 locis
1336 1729 1527 1763 natalibus
1555 1741 1612 1763 ac-

74 1777 241 1812 curatius
288 1789 505 1823 comparare
544 1779 672 1822 decet:
711 1785 750 1814 et
788 1781 857 1815 hac
896 1783 1177 1828 comparatione
1221 1783 1401 1818 instituta
1447 1786 1612 1830 speciem

74 1847 180 1870 novae
208 1836 401 1870 Zelandiae
426 1836 547 1882 magis
575 1838 840 1882 gelatinosam,
869 1841 1007 1885 saepius
1027 1842 1139 1886 paulo
1159 1841 1375 1876 evidentius
1400 1843 1613 1887 stipitatam

74 1895 186 1936 atque
212 1894 459 1941 cystocarpiis
485 1894 689 1939 majoribus
710 1897 910 1941 praeditam
931 1898 1060 1933 videre
1080 1899 1237 1934 credidi.
1272 1899 1505 1935 Paucissima
1524 1913 1612 1936 vero

74 1950 282 1994 specimina
306 1951 501 1996 hucusque
528 1952 617 1988 vidi.

75 2044 112 2085 8.
144 2044 194 2085 K.
227 2034 473 2087 RENIFORMIS
505 2047 663 2101 (Turn.
687 2048 803 2090 Hist.
825 2063 896 2091 nto
921 2050 1020 2105 113)
1042 2050 1194 2092 fronde
1216 2051 1612 2105 gelatinoso-men·1-

188 2115 403 2155 branacea
433 2128 458 2155 a
489 2115 605 2157 disco
637 2116 821 2158 radicali
852 2118 896 2158 in
934 2117 1138 2159 laminam
1175 2119 1347 2160 demum
1384 2121 1611 2174 conspicue

189 2181 428 2234 stipitatam
459 2182 666 2225 latissime
698 2185 926 2226 obovatam
965 2190 1041 2227 aut
1086 2187 1215 2229 immo
1247 2187 1536 2239 reniformem,
1569 2190 1610 2230 in

188 2248 367 2290 lacinias
398 2251 603 2293 obovatas
636 2253 938 2307 irregulariter
970 2253 1114 2296 fissam
1153 2257 1367 2298 cuneatim
1409 2272 1610 2311 expansa,

189 2318 382 2370 margine
405 2319 615 2373 subplano
639 2335 751 2375 saepe
769 2321 986 2375 prolifero,
1005 2323 1392 2376 prolificationibus
1409 2327 1611 2368 obovato-

189 2386 440 2429 orbiculatis
472 2391 750 2443 cystocarpiis
789 2391 932 2433 frondi
969 2393 1180 2434 immersis
1220 2394 1308 2435 fere
1347 2396 1389 2435 in
1422 2396 1612 2436 maculas

128 2506 131 2511 ¹
188 2455 391 2497 collectis.
436 2457 480 2499 J.
518 2459 600 2512 Ay.
642 2459 715 2512 Sp.
746 2474 793 2513 p.
825 2462 918 2502 286.
966 2462 1104 2504 Harv.
1157 2463 1285 2517 Phgyc.
1332 2465 1413 2505 tab.
1465 2465 1611 2506 XIII.

193 2524 292 2565 Fue.
325 2526 574 2579 remformis
610 2528 741 2570 Tum.
775 2529 800 2570 l.
822 2544 853 2571 (τε
876 2531 957 2571 ΜΖ).
995 2532 1070 2571 113
1102 2531 1316 2587 (partini).
1351 2532 1476 2585 Enyl.
1510 2533 1609 2574 Bot.

189 2592 272 2634 tab.
305 2594 426 2634 2116.

340 2683 507 2726 Formae
540 2687 644 2729 mihi
675 2693 775 2730 sunt
788 2706 796 2730 :

77 2777 117 2804 α.
149 2776 335 2805 CUNEATA
366 2764 518 2807 fronde
549 2768 767 2810 evidenter
799 2770 1008 2823 stipitata,
1032 2770 1177 2824 stipite
1200 2774 1315 2813 brevi
1346 2774 1389 2815 in
1411 2774 1608 2818 frondem

191 2833 624 2878 obovato-cuneatain
642 2842 718 2880 aut
737 2839 1093 2881 subrcniformem
1114 2840 1485 2894 longitudinaliter
1506 2860 1611 2900 vage
