1757 3114
148 120 227 162 322
701 120 1088 161 RHODYMENIAGEAE.
1358 118 1678 173 Chrysymenia.

260 235 391 285 niata,
424 233 703 288 cystocarpiis
733 247 812 286 per
841 232 1040 274 frondem
1072 232 1234 285 sparsis
1256 232 1433 274 elevatis
1454 233 1681 287 conspicue

261 301 608 343 circumvallatis.

316 371 426 412 Hab.
458 370 513 410 ad
545 369 703 411 Orford
735 370 988 419 Tasmauiae,
1019 369 1131 410 D:na
1161 368 1395 411 Meredith!

236 439 388 483 Species
413 438 547 473 fronde
572 438 736 472 maxima
760 437 938 482 insignis,
964 437 1104 472 dicitur
1131 438 1265 473 saltem
1290 438 1348 473 bis
1380 438 1518 483 pedem
1553 438 1681 483 longa,

145 495 348 529 latitudine
374 495 520 539 pedali3
546 495 628 539 ipse
654 495 869 540 fragmenta
894 494 972 528 vidi
996 493 1149 538 pedalia
1171 493 1362 529 frondium
1388 493 1618 528 adultiorum
1644 496 1682 528 et

147 552 436 597 speciminulum
457 551 628 596 juvenile
661 552 757 587 lobis
796 551 1011 585 rotundatis
1050 550 1299 585 subdivisum.
1347 550 1545 595 Ejusmodi
1581 550 1681 595 frag-

143 612 273 644 menta
297 621 366 654 pro
393 608 476 643 aliis
504 609 601 654 algis
629 609 866 643 diversorum
885 607 1075 641 Generum
1092 607 1239 641 facilius
1258 608 1464 650 habentur3
1491 610 1683 642 structura

145 671 183 702 et
207 667 392 701 fructibus
420 666 663 711 comparatis,
701 677 828 700 veram
867 664 1086 699 affinitatem
1118 665 1297 709 produnt.
1324 684 1367 688 —
1391 664 1513 699 Frons
1540 675 1561 697 a
1585 665 1687 699 callo

142 725 300 759 radicali
326 724 575 758 immediatim
602 724 739 769 surgit,
764 723 845 758 basi
872 723 952 756 fere
979 721 1238 757 reniformiter
1257 733 1435 768 expansa,
1454 721 1542 756 dein
1559 721 1680 766 magis

143 782 307 827 oblonga
331 781 410 815 fere
436 793 531 827 vage
558 781 718 816 dilatata
743 783 794 823 et,
820 783 862 813 ut
888 779 1054 823 videtur,
1080 779 1121 813 in
1147 779 1304 814 lacinias
1331 779 1527 824 pauciores
1551 779 1680 814 oblon-

141 850 209 883 gas
233 838 416 873 maximas
445 838 656 881 subdivisa3
683 837 823 871 lamina
849 848 989 881 crassa,
1027 836 1088 871 hic
1126 836 1206 870 illic
1244 848 1392 881 quoque
1430 836 1680 872 foraminibus

141 896 270 940 paucis
297 895 441 940 pervia,
470 899 508 929 et
532 894 781 940 cystocarpiis
807 894 956 939 magnis
982 905 1051 938 per
1075 893 1249 928 frondem
1282 894 1424 939 sparsis
1456 893 1680 939 prominulis

141 952 343 986 instructa.
392 952 621 986 Humectata
645 952 748 986 frons
775 951 982 995 insigniter
1008 953 1148 991 tumet3
1176 950 1343 986 dissecta
1373 950 1535 985 interior
1566 950 1681 984 cellu-

142 1005 234 1053 losa,
261 1009 411 1043 cellulis
437 1009 642 1054 majoribus
671 1012 709 1043 et
734 1008 944 1043 minoribus
970 1007 1118 1052 mixtis,
1143 1008 1349 1052 majoribus
1376 1008 1504 1042 forsan
1521 1010 1682 1052 ruptura

139 1066 327 1101 minorum
354 1067 496 1101 sensim
514 1067 623 1110 ortis,
641 1066 844 1110 majoribus
865 1065 997 1100 eodem
1014 1065 1124 1100 modo
1143 1065 1271 1100 forsan
1289 1065 1329 1099 in
1346 1066 1500 1099 lacunas
1518 1065 1680 1109 majores

142 1123 284 1158 sensim
303 1124 619 1158 coalescentibus.
637 1145 678 1148 Q
693 1124 871 1158 Nostram
892 1126 1030 1167 autem,
1048 1123 1222 1168 pluribus
1240 1123 1333 1158 locis
1354 1122 1516 1158 diversis
1534 1121 1680 1157 frondis

140 1180 357 1224 dissectam,
383 1180 602 1225 contiguam
628 1180 719 1224 vidi,
746 1180 895 1215 cellulis
921 1179 1056 1214 mediis
1083 1180 1307 1224 plerumque
1331 1180 1552 1224 majoribus,
1572 1177 1681 1223 quasi

140 1238 187 1272 ad
205 1237 428 1273 ulteriorem
452 1241 649 1283 rupturam
667 1238 811 1283 pronis,
832 1237 1053 1282 superficies
1073 1248 1205 1272 versus
1223 1237 1450 1279 minoribus,
1475 1236 1680 1281 majoribus

140 1297 267 1328 tamen
294 1297 332 1328 et
357 1295 566 1329 minoribus
595 1295 733 1339 saepius
760 1295 904 1328 mixtis.
955 1294 1123 1328 Stratum
1143 1295 1323 1329 corticale
1342 1294 1490 1329 cellulis
1508 1293 1680 1336 minutis,

139 1350 177 1384 in
203 1350 267 1384 fila
291 1352 424 1385 brevia
448 1351 648 1385 verticalia
674 1351 960 1395 subconjunctis
987 1353 1151 1386 constat.
1187 1351 1433 1396 Cystocarpia
1451 1361 1564 1396 supra
1580 1349 1680 1384 fron-

141 1408 227 1442 dem
251 1408 543 1453 hemisphaerice
570 1409 731 1452 elevata,
758 1408 972 1453 pericarpio
999 1419 1114 1453 supra
1130 1408 1282 1453 planum
1302 1409 1524 1453 placentare
1542 1406 1680 1441 hemis-

137 1464 319 1509 phaerico,
346 1465 598 1509 carpostomio
625 1465 808 1508 evidenti,
827 1468 874 1500 -et
900 1468 1095 1500 structura
1120 1465 1247 1500 nuclei
1274 1463 1571 1510 Chrysymeniae.

138 1568 214 1610 III.
248 1568 576 1610 CRYPTARACHNE
605 1570 766 1623 fronde
801 1569 1381 1623 qaamaoso-membranacea
1419 1582 1676 1622 compresso-

243 1636 387 1689 plana
418 1640 494 1678 aut
523 1638 757 1680 evidentius
789 1637 998 1688 tubulosa,
1031 1652 1141 1681 mmo
1171 1638 1420 1691 subinflata,
1449 1651 1580 1679 vacuo
1610 1638 1676 1679 in-

251 1709 366 1747 terno
398 1707 557 1758 saepius
578 1706 675 1760 filis
707 1707 999 1759 sparsioribus
1030 1710 1107 1748 aut
1136 1708 1436 1760 sparsissimis
1448 1719 1674 1760 percur303

251 1774 530 1826 cystocarpiis
560 1774 961 1828 mamszssllceformiter
997 1775 1272 1828 promimdz's,
1316 1775 1457 1817 nucleo
1501 1771 1675 1816 'obscuro

251 1842 377 1892 Quasi
407 1856 511 1883 area
542 1842 739 1884 dilutiore
770 1843 1099 1885 circumvallato.

410 1932 433 1956 *
467 1932 635 1975 Fronde
666 1934 1061 1987 compresso-plana
1092 1935 1399 1977 crassiuscula.

139 2024 175 2063 6.
207 2021 310 2063 ΟΗΗ.
342 2024 534 2064 AGARDHI
582 2024 742 2078 (Harv.
794 2025 883 2066 Ner
929 2024 1036 2067 Bor.
1082 2025 1181 2067 Am.
1219 2040 1268 2079 p.
1317 2026 1417 2082 189)
1463 2026 1673 2078 coccinea,

250 2090 403 2131 fronde
434 2091 1027 2144 gelatinoso-membranacea
1052 2093 1184 2147 plana
1205 2094 1504 2147 crassiuscula‚
1527 2095 1673 2137 dicho-

251 2163 368 2201 toma
398 2163 474 2200 aut
505 2159 813 2213 subpalmatim
834 2160 1040 2203 laciniata
1059 2161 1253 2216 lobisque
1274 2163 1588 2217 marginalibus
1615 2164 1673 2204 ir-

250 2228 511 2281 regulariter
543 2229 818 2282 subpinnata,
852 2231 1083 2284 segmentis
1104 2231 1346 2274 latiusculis
1367 2233 1673 2275 lineari—cune-

252 2297 333 2337 atis
365 2310 497 2349 supra
533 2296 686 2339 axillas
733 2302 939 2351 angustas
986 2299 1312 2352 adproximatis,
1359 2301 1672 2355 marginalibus

250 2365 345 2406 basi
376 2365 708 2415 subattenuatis,
741 2366 1042 2408 terminalibus
1074 2369 1311 2410 attenuatis
1333 2369 1510 2420 obtusis,
1532 2373 1671 2424 cysto-

251 2433 407 2485 cai-piis
439 2446 571 2485 supra
600 2433 804 2487 paginam
835 2435 996 2487 sparsis
1028 2435 1203 2478 elevatis
1235 2437 1460 2490 conspicue
1490 2437 1671 2479 circum-

252 2500 434 2542 vallatis.
468 2500 605 2542 Ηανυ.
639 2501 663 2542 Ζ.
696 2515 727 2543 c.
759 2502 842 2544 tab.
878 2501 1027 2544 XXX
1054 2503 1109 2545 A.

403 2568 510 2609 Hab.
542 2569 598 2610 ad
629 2568 850 2610 Floridam
881 2569 1068 2625 Harvey!

230 2635 397 2670 Stratum
422 2635 616 2670 internum
642 2636 720 2671 vidi
746 2636 819 2671 filis
845 2638 966 2672 multo
993 2639 1246 2683 sparsioribus
1279 2640 1529 2675 constitutum
1560 2652 1670 2685 quam

139 2704 159 2725 a
183 2692 333 2736 Harvey
359 2693 552 2737 depictum
577 2693 664 2735 fuit;
689 2694 863 2729 frondem
889 2696 1175 2732 subtubulosam
1200 2698 1279 2732 fere
1305 2698 1482 2733 dicerem.

139 2774 175 2812 7.
208 2772 309 2813 Cim.
342 2772 689 2816 HALYMENIOIDES
722 2774 883 2829 (Ham).
922 2775 1021 2817 Ner.
1054 2776 1162 2819 Bor.
1194 2777 1291 2819 Am.
1315 2792 1362 2830 p.
1387 2778 1488 2834 188)
1517 2777 1668 2820 fronde

253 2840 845 2893 gelatinoso-membrauacea
876 2842 1089 2896 subplana
1119 2845 1404 2889 crassiuscula
1424 2845 1670 2889 dichotoma
