1757 3114
123 159 428 213 Dudrcsnaya.
724 160 1052 202 DUDRESNAYEAE.
1174 200 1176 202 ,
1575 164 1654 204 247

121 275 248 323 ORDO
286 276 339 321 X.
412 276 927 323 RHODYMENIACEAE]
962 284 1114 326 fronde
1132 287 1338 328 continua
1355 285 1559 328 tubulosa
1582 291 1657 328 aut

229 352 387 404 farcta3
420 354 699 408 cystocarpiis
730 353 874 395 frondi
904 353 1117 395 immersis
1149 359 1225 395 aut
1263 354 1499 408 saepissime
1540 355 1657 396 intra

229 422 517 475 pericarpium
549 426 774 464 externum
806 422 1006 464 nucleum
1037 423 1273 476 simplicem
1305 428 1380 465 aut
1402 424 1656 477 subcompo-

230 491 371 541 situm,
405 506 537 545 supra
574 491 753 545 planum
792 492 940 534 basale
979 493 1236 547 cystocarpii
1276 493 1545 535 nidulantem
1582 497 1657 534 aut

228 559 311 602 filis
341 560 666 613 placentaribus
698 560 934 612 suffultum,
968 560 1226 603 foventibus.

414 759 578 829 (hum
629 763 695 829 V.
793 761 1360 832 DUDRESNAYEAE.

224 923 343 976 Algae
374 924 616 965 articulatae
662 924 1000 978 monosiphoniae
1048 924 1310 978 gelatinosae„
1358 927 1429 967 axi
1476 927 1650 968 demum

114 991 317 1034 celluloso
348 992 517 1046 filisque
550 993 812 1034 fasciculatis
844 993 1125 1046 periphericis
1148 994 1262 1035 intra
1284 995 1520 1048 gelatinam
1553 997 1653 1038 sub-

113 1061 258 1103 liberis
305 1065 564 1102 constantes.
625 1060 905 1116 Cystocarpia
946 1062 1059 1103 inter
1104 1061 1177 1103 fila
1215 1063 1489 1117 peripherica
1524 1064 1652 1113 nuda,

113 1131 262 1172 nucleo
293 1131 627 1184 simpliciusculo
667 1133 919 1182 constituta3
958 1131 1034 1172 fila
1071 1133 1342 1185 praegnantia
1378 1134 1490 1175 inter
1527 1134 1652 1175 fasci—

111 1199 229 1241 culos
259 1201 551 1254 periphericos
583 1201 965 1243 transformatione
997 1203 1108 1242 rami
1141 1205 1248 1250 orta7
1282 1215 1394 1256 saepe
1425 1203 1553 1256 plura
1575 1204 1651 1245 ad—

110 1270 354 1322 proximata
385 1273 427 1310 et
457 1269 631 1310 demum
663 1269 731 1310 hic
762 1269 852 1310 illic
890 1270 1187 1317 coalescentia,
1230 1270 1438 1324 juvenilia
1485 1272 1650 1313 monili-

110 1337 264 1379 formia
295 1339 490 1379 articulis
522 1339 784 1380 brevissimis
816 1338 1061 1380 rotundatis
1108 1340 1354 1390 constituta,
1403 1354 1515 1393 saepe
1545 1355 1653 1394 vage

110 1410 300 1453 curvata,
348 1408 686 1448 maturescentia
730 1407 928 1448 articulis
973 1408 1324 1449 transversaliter
1368 1408 1563 1450 dilatatis
1609 1413 1652 1450 et

110 1475 350 1525 subdivisis‚
383 1475 555 1516 demum
588 1476 630 1516 in
662 1476 863 1517 nucleum
909 1475 1204 1527 rotundatum,
1251 1477 1368 1517 intra
1414 1477 1651 1529 gelatinam

109 1543 339 1597 gemmidia
369 1544 575 1597 pauciora
606 1544 1074 1597 rotundato-angulata
1105 1544 1345 1598 majuscula
1377 1545 1467 1586 sine
1499 1545 1650 1586 ordine

108 1613 336 1666 conspicuo
367 1613 628 1667 conglobata
658 1613 884 1664 foventem,
917 1613 1269 1654 coalescentibus.

219 1682 538 1736 Dudresnayeae
569 1681 709 1723 forma
739 1685 781 1723 et
812 1682 1054 1723 evolutione
1087 1682 1250 1723 frondis
1286 1686 1386 1724 sunt
1416 1682 1648 1725 Ceramieis

45 1767 47 1773 ¹
108 1752 149 1791 et
180 1750 468 1804 Wrangelieis
500 1749 708 1804 analogae,
742 1748 1005 1791 Crouaniam
1037 1754 1112 1791 aut
1144 1750 1438 1804 Wrangeliam
1460 1751 1648 1793 referen-

106 1822 181 1870 tes,
213 1819 444 1873 praesentia
475 1819 568 1860 tubi
599 1818 792 1860 axillaris
824 1819 1045 1860 articulati
1077 1834 1102 1861 a
1132 1820 1543 1862 Helininthocladeis
1576 1836 1648 1863 ex-

106 1890 227 1928 terne
260 1887 552 1928 subsimilibus
584 1887 775 1928 diversae.
838 1888 895 1928 Ut
927 1892 1072 1929 autem
1111 1887 1454 1931 Callithamnieae
1486 1890 1530 1930 in
1562 1904 1649 1931 una

107 1956 213 1996 serie
246 1959 289 1996 et
320 1955 605 2009 Wrangelieae
638 1957 681 1996 in
713 1955 810 2005 alia,
844 1956 970 2010 longe
1016 1956 1196 2003 diversa,
1245 1958 1439 1998 ordinem
1485 1958 1647 2000 ducunt

106 2027 147 2065 et
176 2024 231 2064 ad
263 2024 435 2065 Genera
466 2023 630 2065 frondis
662 2025 970 2077 compositione
1010 2025 1151 2066 aliena
1189 2026 1479 2068 mediantibus
1510 2027 1644 2068 inter-

105 2092 254 2134 mediis
285 2093 442 2134 sensim
473 2096 713 2142 transeunt„
746 2093 808 2134 ita
846 2093 1178 2149 Dudresnayeas
1217 2095 1272 2135 ad
1313 2095 1645 2137 Dumontiaceas

104 2163 152 2201 ut
181 2159 365 2202 formam
404 2160 679 2202 articulatam
726 2162 975 2203 inferiorem
1021 2163 1345 2205 transferendas
1392 2178 1483 2205 csse
1528 2164 1643 2206 finxi.

105 2228 370 2272 Conveniunt
416 2231 631 2279 nimirum,
667 2233 701 2273 si
732 2236 846 2273 recte
882 2233 1074 2285 viderim,
1115 2234 1434 2288 Dudresnayeae
1480 2238 1521 2275 et
1556 2235 1643 2275 Du-

105 2299 353 2340 montiaceae
399 2299 653 2341 evolutionis
700 2315 852 2342 norma
898 2303 1068 2343 omnino
1115 2302 1325 2355 peculiari
1380 2303 1642 2357 cystocarpi-

105 2381 245 2417 orum3
279 2366 394 2420 quod
421 2366 560 2415 hodie,
593 2371 640 2408 ut
672 2382 767 2409 mea
797 2369 882 2410 fert
904 2370 1058 2423 opinio,
1083 2374 1148 2411 est
1170 2371 1213 2411 in
1236 2370 1461 2422 Florideis‚
1484 2372 1530 2412 in
1552 2370 1641 2411 affi-
1699 2385 1701 2387 ’

105 2434 238 2476 nitate
268 2434 558 2488 dijudicanda,
592 2437 808 2490 praecipue
840 2438 1214 2480 considerandum.

105 2573 148 2623 L.
187 2576 526 2625 DUDRESNAYA
565 2586 772 2630 Boomem.
805 2588 850 2631 J.
883 2589 963 2643 Ay.
999 2589 1070 2642 Sp.
1094 2605 1142 2642 p.
1180 2591 1268 2631 106.

106 2687 238 2730 Frons
269 2689 548 2731 teretiuscula
578 2691 817 2744 gelatinosa
849 2708 1194 2748 quoquoversum
1228 2708 1415 2744 ramosa,
1445 2695 1514 2736 axi
1535 2695 1638 2738 filis—

216 2771 298 2811 que
330 2760 514 2798 stratum
547 2760 863 2813 periphericum
910 2762 1198 2804 formantibus
1243 2763 1498 2812 constituta3
1546 2766 1638 2806 axis

216 2826 320 2866 tubo
352 2826 583 2868 articulato
615 2830 954 2883 monosiphoniQ
988 2831 1144 2871 sensim
1176 2830 1341 2871 cellulis
1374 2831 1541 2885 filisque
1565 2833 1636 2874 de-

178 2925 180 2927 ,
217 2893 491 2935 currentibus
536 2895 922 2949 longitudinalibus
969 2899 1124 2950 cinct03
1178 2899 1252 2941 fila
1295 2899 1567 2953 periplierica
1612 2916 1638 2944 a
