1757 3114
127 149 416 205 Callophyllz's.
754 149 1037 191 GIGARTINEAE.
1585 147 1664 188 233

217 264 310 300 Call.
337 276 446 300 erosa
470 264 590 299 Hook.
618 267 656 299 ct
680 264 796 299 Harv.
823 262 1087 309 cysssocarpiis,
1114 262 1279 308 margini
1304 261 1494 296 immersis
1514 261 1667 297 diversa

125 324 311 359 videatur.
360 324 404 358 In
440 334 554 368 opere
594 334 683 358 vero
720 323 875 357 laudato
912 322 1018 356 nulla
1042 321 1365 366 cystocarpiorum
1400 320 1582 364 analysis!
1622 320 1665 353 In

123 381 254 416 formis
282 380 643 415 C.H0mb1=0nianae
682 380 833 415 obtinet
870 382 912 414 ut
948 378 1147 414 tubercula
1184 378 1325 422 adsint,
1353 378 1480 423 qualia
1503 377 1544 411 in
1581 377 1666 412 aliis

126 437 315 472 Florideis
342 437 434 480 vidi,
460 437 588 472 forsan
615 437 764 471 demum
798 436 958 471 decidua
994 446 1130 470 novam
1167 436 1379 480 plantulam
1417 438 1666 480 generatura3

126 495 207 530 haec
246 494 450 539 aliquando
486 495 714 539 marginalia
750 496 968 529 occurrunt.
1018 493 1077 527 An
1102 493 1173 528 hoc
1198 493 1309 528 modo
1340 493 1600 538 interpretata
1626 493 1666 527 C.

127 563 236 587 erosa
261 555 364 586 esset
394 551 515 586 forma
541 552 580 586 C.
607 551 928 586 Hombronianae‘?
979 550 1017 585 Si
1053 554 1245 595 praeterea
1282 554 1416 585 contra
1450 550 1668 595 Harveyuni

126 610 354 654 conjecturae
382 610 485 644 locus
513 612 617 643 esset
643 609 734 643 duas
773 609 943 642 diversas
980 608 1132 652 plantas
1170 608 1210 641 in
1237 608 1345 643 icone
1370 608 1428 642 Fl.
1456 608 1572 643 Novae
1599 608 1668 642 Ze·

125 666 265 701 landiae
292 665 466 701 confusas
504 665 634 710 fuisse,
673 666 869 700 crederem
908 676 997 699 sane
1024 664 1110 710 Fig.
1137 665 1157 698 1
1183 668 1285 706 (cum
1312 666 1531 710 analysibus
1556 665 1620 711 fig.
1648 667 1669 700 3

128 728 166 759 et
190 725 228 770 4)
255 725 301 759 ad
329 725 367 759 C.
395 724 717 759 Hombronianam
743 724 864 759 Mont.
896 723 1105 769 pertinere,
1136 723 1196 757 cui
1221 723 1276 757 ita
1301 723 1496 757 simillima
1520 725 1563 758 ut
1587 724 1669 768 qui-

126 783 195 818 bus
223 782 515 828 dignosceretur
542 782 605 816 vix
633 782 800 824 videam3
827 781 911 827 Fig.
939 783 972 825 2,
999 793 1082 825 quae
1108 782 1279 826 plantam
1311 781 1578 826 capsuliferam
1609 794 1669 816 re-

125 840 258 883 ferret,
285 851 360 874 non
378 842 528 874 tantum
555 839 725 884 apicibus
752 840 871 874 erosis
899 851 919 873 a
943 838 1008 883 fig.
1036 840 1055 872 1
1082 839 1282 883 abludens‚
1310 839 1376 873 sed
1403 839 1518 873 etiam
1544 843 1670 884 cyste-

127 897 264 942 carpiis
292 900 401 931 extra
425 898 639 941 marginem
666 897 923 932 eminentibus
950 897 1134 942 globosis,
1160 897 1509 942 Rhodophyllidem
1541 898 1668 943 potius

126 954 400 997 indicantibus,
426 955 578 989 omnino
616 955 807 989 diversam
844 955 1014 999 plantam
1053 958 1227 999 spectare
1259 955 1487 999 suspicarer.
1538 956 1669 1000 Cysto-

126 1012 340 1057 cai-piorum
366 1013 509 1046 nullam
535 1013 708 1057 analysin
735 1013 843 1047 dedit
879 1012 1043 1056 Hawey,
1082 1024 1165 1056 quae
1204 1013 1437 1047 contrarium
1474 1014 1669 1057 probaret.

125 1069 168 1104 In
194 1070 361 1104 favorem
388 1069 573 1114 ejusmodi
601 1069 829 1114 suspicionis
849 1069 983 1104 afferre
1003 1070 1096 1104 licet
1112 1071 1328 1115 Harveyum
1349 1082 1476 1104 veram
1498 1071 1535 1105 C.
1556 1072 1669 1106 Hom-

125 1127 346 1163 bronianam
373 1127 597 1172 Montagnei
623 1138 705 1161 cum
733 1127 806 1161 alia
832 1126 958 1172 specie
984 1127 1041 1167 (O.
1070 1127 1427 1173 calliblepharoide)
1460 1128 1669 1163 identicam

126 1185 353 1225 credidisse3
392 1185 463 1219 1100
489 1196 619 1219 errore
645 1185 842 1219 inductum
869 1185 1079 1230 specimina
1112 1198 1212 1221 verae
1241 1187 1280 1221 G.
1306 1186 1601 1222 Hombronianae
1628 1189 1671 1220 ut

126 1254 260 1277 novam
288 1242 455 1287 speciem
481 1242 537 1287 (C.
560 1244 722 1287 erosam)
754 1243 991 1280 exhibuisse:
1018 1255 1104 1277 eum
1130 1244 1294 1288 denique
1320 1244 1569 1289 cystocarpiis
1596 1256 1671 1279 non

126 1299 398 1344 microscopice
424 1300 650 1334 examinatis
676 1300 821 1334 fructus
849 1300 1057 1335 subsimilis
1084 1302 1226 1346 plantae
1254 1302 1300 1336 ad
1327 1302 1366 1337 C.
1394 1313 1542 1336 erosam
1567 1304 1670 1336 retu-

70 1353 72 1355 *
126 1357 231 1391 lisse.
282 1357 368 1401 Ipse
395 1357 718 1401 Rhodophyllidis
746 1357 910 1402 speciem
938 1359 1204 1403 capsuliferam
1233 1370 1251 1392 e
1277 1359 1384 1394 Nova
1410 1359 1593 1393 Zelandia
1611 1371 1671 1394 00-

125 1425 206 1447 ram
231 1413 365 1457 habeo,
394 1424 476 1457 quae
504 1413 543 1446 in
570 1414 695 1448 lconis
723 1414 957 1458 Harveyanae
986 1415 1049 1460 fig.
1078 1417 1109 1449 2.
1135 1416 1237 1449 haud
1266 1416 1364 1450 male
1396 1417 1573 1460 quadram
1606 1428 1670 1451 no-

126 1473 206 1505 stra
232 1472 359 1505 autem
385 1473 490 1505 certe
517 1474 576 1505 est
603 1484 658 1516 sp.
686 1472 980 1517 Rhodophyllis‚
1008 1476 1045 1507 et
1074 1476 1268 1508 structura
1298 1474 1444 1509 frondis
1476 1477 1515 1509 et
1544 1475 1671 1509 fructu

126 1524 323 1562 suadente.
372 1528 463 1562 Haec
490 1528 616 1562 omnia
655 1529 798 1563 dixisse
836 1530 977 1574 placet,
1016 1542 1130 1574 quum
1157 1531 1196 1565 C.
1225 1531 1519 1566 Hombronianae
1548 1533 1669 1567 Mont.

125 1585 288 1630 plurima
326 1585 547 1629 specimina,
586 1586 736 1620 sterilia
774 1586 1114 1631 sphaerosporifera
1147 1591 1186 1622 et
1223 1588 1465 1633 capsulifera,
1492 1589 1669 1633 viderim,

125 1643 271 1676 nullum
298 1645 423 1676 autem
451 1643 489 1676 C.
518 1655 652 1686 erosae,
681 1643 830 1687 qualem
857 1644 954 1678 hanc
982 1645 1148 1689 speciem
1174 1645 1371 1679 intellexit
1399 1646 1563 1690 Harvey.
1614 1646 1672 1680 Sit

125 1702 253 1734 tamen
279 1702 321 1733 ut
347 1700 425 1734 Cal.
454 1711 563 1734 erosa
589 1701 761 1743 (maedam
801 1711 916 1734 sensu
953 1701 1178 1745 Harveyano
1217 1705 1357 1746 exstat,
1396 1702 1489 1736 mihi
1523 1703 1669 1749 ignota,

125 1767 240 1801 quare
266 1768 333 1791 suo
360 1757 442 1791 loco
468 1757 564 1790 hanc
591 1757 823 1792 enumeravi.

125 1874 173 1916 V.
208 1875 378 1918 Fronde
409 1877 594 1935 ancipite
622 1876 764 1929 plana
810 1878 1050 1930 anqustelom·
1089 1877 1445 1931 di-polyclcotoma
1483 1893 1670 1932 309111011-

238 1946 373 1998 tisque
412 1945 664 1987 lateralibus
709 1946 1003 1998 subpinnatim
1049 1947 1346 2000 decomposita,
1391 1950 1671 2001 eystsocarpesszsss

240 2015 413 2066 sparsis
447 2015 606 2069 frondi
651 2015 946 2058 ssesobaevmmersis
991 2020 1067 2058 aut
1109 2019 1267 2069 sceptus
1299 2032 1349 2059 ex
1386 2033 1475 2060 ema
1500 2020 1671 2072 payz'na

233 2084 574 2136 prominentibus
621 2085 787 2127 demum
831 2088 949 2127 intra
985 2087 1284 2139 perse’carffl'mn
1319 2087 1419 2141 few
1463 2102 1671 2129 emeramus

231 2152 469 2206 fertilibus.
530 2153 703 2206 Species
735 2153 826 2195 fere
858 2153 1214 2207 Spliaerococcum
1245 2155 1371 2197 Grev.
1403 2156 1653 2197 referentes.

130 2258 192 2299 11.
225 2256 269 2298 G.
303 2257 535 2298 LAMBERTH
567 2258 726 2311 (Turn.
760 2257 1286 2314 H2·st.tab.⁴237>f1·onde
1318 2260 1508 2313 ancipite
1540 2260 1672 2313 plana

240 2325 491 2378 angustiore
523 2325 781 2375 dichotoma,
815 2327 957 2368 rarius
996 2327 1128 2368 ramis
1160 2327 1359 2380 pluribus
1392 2328 1671 2381 adproxima-

241 2394 295 2435 tis
341 2393 654 2448 polychotoma,
703 2396 1020 2450 segmentisque
1061 2397 1408 2439 excrescentibus
1448 2392 1671 2449 margina-

240 2463 357 2504 libus
389 2463 684 2515 subpinnatim
716 2464 1022 2518 decomposita,
1069 2465 1356 2519 dentibusque
1403 2465 1671 2506 brevioribus

241 2546 362 2573 secus
393 2532 633 2585 marginem
667 2547 815 2586 sparse
854 2533 1044 2584 dentata,
1093 2534 1324 2588 segmentis
1370 2533 1671 2575 terminalibus

243 2599 617 2642 subconformibus
650 2602 972 2654 angustioribus
1014 2607 1090 2643 aut
1120 2603 1188 2643 vix
1220 2602 1446 2654 conspicue
1479 2602 1672 2643 dilatatis

244 2668 416 2710 demum
448 2669 604 2719 divisis,
638 2671 768 2712 ramis
801 2672 1014 2712 exteriore
1046 2672 1183 2712 latere
1226 2670 1670 2724 duplicato-dentatis,

242 2738 521 2792 cystocarpiis
568 2739 828 2781 subemersis
874 2739 989 2780 infra
1035 2740 1177 2793 apices
1223 2739 1453 2792 pinnarum
1486 2739 1666 2793 singulis

243 2810 319 2846 aut
339 2806 487 2859 paucis
511 2806 666 2859 saepius
687 2807 846 2848 lacinia
865 2807 1199 2861 angustioribus,
1232 2807 1276 2849 J.
1309 2806 1390 2859 Ay.
1426 2806 1493 2856 Sp.
1507 2822 1554 2860 p.
1577 2808 1671 2849 300.

243 2885 354 2928 Had.
386 2886 441 2928 ad
472 2886 636 2928 Novam
667 2887 945 2929 Hollandiam
977 2887 1214 2929 australem
1247 2891 1289 2929 et
1319 2886 1642 2931 occidentalem,
