1757 3114
109 130 190 170 264
717 125 963 166 DUMONTIAC
969 137 1039 165 ΕΞ.
1337 120 1639 174 Sarcophyllc's.

109 243 183 284 fila
212 242 303 283 haec
336 239 648 294 gemmidiifera
669 253 761 279 esse
782 236 1102 278 Dumontiaceis
1124 235 1487 285 characteristica,
1510 238 1640 288 atque

111 311 219 353 alias
252 309 462 364 quasdam
508 307 742 354 Florideas,
789 305 939 346 iisdem
971 305 1051 346 hoc
1089 309 1287 358 respectu
1331 304 1639 354 convenientes,

111 393 261 421 revera
292 376 613 418 Dumontiaceis
644 375 875 428 pertinere,
909 388 994 414 non
1025 374 1223 414 obstante
1254 373 1406 414 habitu
1437 375 1552 413 certo
1574 386 1641 412 re-

112 451 262 502 spectu
293 445 525 487 admodum
558 443 801 485 abludente.
861 442 1026 491 Quibus
1058 441 1231 495 quidem
1264 441 1416 482 ductus
1448 440 1641 481 conside-

110 515 366 564 rationibus,
390 512 591 554 Iridaeam
613 511 780 552 edulem
803 524 936 563 genus
956 510 1072 550 inter
1093 509 1424 550 Dumontiaceas
1452 510 1517 550 sui
1533 509 1643 562 juris

111 584 374 625 constituere
404 581 565 634 putavi.
607 579 716 621 Cum
738 579 893 620 Iridaea
915 578 1031 619 eduli
1063 582 1283 619 structura
1313 581 1355 619 et
1376 577 1643 619 formationis

111 651 238 693 modo
270 649 521 691 nucleorum
551 648 701 702 planta
731 647 930 701 quaedam
967 646 1228 697 californica,
1250 646 1472 699 hucusque
1503 646 1643 687 in-de-

113 720 276 772 scripta
307 718 516 759 convenit.
558 716 730 770 Species
762 715 977 757 normales
1009 715 1328 770 Schizymeniae,
1362 728 1457 755 cum
1489 715 1645 768 quibus

114 791 336 830 structura
367 785 531 827 frondis
564 790 631 826 sat
653 785 852 838 congruit
872 783 1030 825 Iridaea
1051 784 1201 834 edulis,
1224 783 1501 838 cystocarpiis
1522 797 1644 836 pror-

114 872 186 899 sus
218 857 385 898 diverso
431 854 556 896 modo
602 853 799 895 formatis
844 854 1079 894 instructas
1125 866 1229 903 esse,
1277 866 1352 893 suo
1390 851 1483 892 loco
1515 865 1646 905 supra

113 926 253 968 attuli.
316 924 634 978 Spliaerosporae
666 923 709 963 in
742 921 1047 976 Schizymeniis
1093 923 1204 962 inter
1249 921 1323 961 fila
1359 921 1486 961 strati
1517 921 1645 962 corti-

114 995 217 1036 calis
249 994 317 1035 vix
349 996 519 1034 mutata
549 1004 710 1045 sparsae
743 995 785 1031 et
816 991 991 1032 minutae
1015 990 1290 1040 nidulantur3
1312 990 1356 1030 in
1378 990 1646 1043 sphaerospo-

114 1063 247 1105 rifera
279 1061 435 1103 Iridaea
466 1059 581 1101 eduli
610 1059 685 1100 fila
721 1059 942 1100 corticalia
981 1058 1213 1100 admodum
1253 1058 1423 1099 evoluta
1454 1063 1571 1109 sunt3
1603 1059 1647 1099 in

112 1132 316 1173 inferiore
348 1133 472 1183 parte
503 1129 657 1170 horum
688 1127 860 1169 filorum
873 1128 1192 1181 *spliaerosporae
1215 1140 1381 1179 magnae
1404 1127 1646 1168 rotundatae

116 1214 268 1242 zonam
301 1199 630 1251 subcontiguam
662 1196 861 1238 efficiunt.
903 1196 1307 1249 Quantumcumque
1328 1196 1474 1249 itaque
1496 1196 1649 1237 habitu

117 1273 159 1310 et
189 1272 410 1310 structura
440 1267 604 1308 frondis
642 1266 898 1307 conveniunt
940 1265 1243 1320 Schizymeniae
1275 1266 1488 1307 normales
1519 1269 1650 1319 atque

117 1337 274 1379 Iridaea
305 1335 457 1387 edulis,
489 1340 636 1377 tamen
667 1340 708 1376 et
748 1335 916 1376 diversa
961 1349 1122 1388 genera
1167 1334 1427 1375 constituere
1475 1338 1516 1375 et
1559 1334 1649 1375 haec

117 1406 303 1459 analoga
333 1405 470 1459 magis
503 1419 634 1459 quam
666 1404 811 1445 affinia
842 1418 933 1445 esse
965 1403 1290 1455 consideranda,
1329 1403 1436 1444 mihi
1471 1404 1540 1445 vix
1572 1403 1648 1444 du-

118 1476 236 1517 bium
266 1475 447 1516 videtur.

230 1543 348 1585 Novo
380 1543 539 1596 generi,
572 1541 687 1596 quod
718 1545 819 1596 typo
850 1541 1007 1582 lridaea
1037 1540 1153 1582 eduli
1184 1541 1310 1583 hodie
1340 1555 1546 1594 propono,
1576 1555 1649 1582 110-

117 1626 215 1654 men
247 1611 538 1665 Sarcophyllis
569 1625 595 1651 a
624 1610 855 1663 Kiitzingio
886 1610 1155 1663 propositum
1185 1610 1358 1663 plantae,
1392 1624 1523 1663 quam
1553 1624 1649 1650 cum

117 1682 273 1722 Iridaea
304 1680 421 1722 eduli
451 1680 682 1721 identicam
714 1680 921 1732 suspicor,
953 1679 1161 1720 adhibere
1192 1693 1317 1732 posse
1338 1679 1497 1732 putavi.
1539 1677 1649 1719 Con-

118 1755 207 1792 stat
244 1750 447 1791 nimirum
491 1748 771 1801 K'utzingium
803 1748 983 1802 (praeter
1012 1747 1213 1788 Iridaeam
1245 1746 1434 1802 edulem)
1480 1748 1650 1788 nomine

120 1818 412 1873 Sarcophyllis
449 1817 605 1859 lobatae
647 1816 882 1870 specimina
920 1816 1209 1869 descripsisse,
1242 1829 1336 1869 quae
1369 1815 1448 1856 snb
1480 1816 1650 1856 nomine

118 1889 220 1929 Irid.
255 1887 393 1928 edulis
424 1900 447 1927 e
478 1885 622 1927 Gallia
653 1889 695 1926 et
726 1884 952 1925 Britannia
983 1884 1021 1924 ei
1061 1884 1192 1924 inissa
1238 1884 1420 1924 fuerant.
1482 1883 1650 1937 Harvey

119 1956 314 2010 plantam
346 1955 681 2007 Kiitzingianam
713 1953 994 2006 Kallymeniae
1026 1952 1269 1993 reniformis
1300 1952 1481 1993 formam
1513 1967 1650 2006 quan-

120 2026 220 2066 dam
252 2038 343 2064 esse
375 2023 598 2071 assumsit3
629 2023 732 2074 ipse
771 2022 878 2062 duce
908 2021 1105 2074 Harveyo
1139 2025 1184 2061 at
1215 2021 1335 2073 signo
1368 2021 1486 2062 dubii
1518 2021 1650 2073 adpo-

122 2094 216 2143 sito,
249 2091 514 2145 Sar-cophyll.
546 2091 736 2132 lobatam
758 2094 806 2131 ut
827 2089 1012 2143 Kallym.
1036 2088 1279 2130 reniformis
1302 2103 1563 2142 synonymon
1586 2094 1651 2129 at-

121 2161 214 2203 tuli.
276 2160 415 2201 Hodie
458 2160 578 2200 icone
610 2160 653 2199 in
685 2158 788 2199 Tab.
819 2158 947 2212 Phyc.
980 2157 1084 2198 data
1129 2158 1293 2208 ductus,
1342 2171 1502 2198 meram
1548 2157 1651 2198 Irid.

122 2230 292 2272 edulem
322 2229 367 2270 in
399 2228 515 2270 Sarc.
547 2228 697 2269 lobata
727 2240 961 2279 agnoscere
992 2227 1151 2279 putavi.
1214 2226 1402 2278 Kiitzing
1424 2230 1651 2267 structurae

123 2298 413 2341 differentiam
443 2298 556 2338 inter
587 2297 689 2337 Irid.
723 2295 893 2337 edulem
924 2299 966 2336 et
998 2295 1114 2337 Sare.
1153 2295 1346 2336 Iobatem
1378 2294 1527 2335 adesse
1561 2308 1652 2334 cre-

123 2368 245 2415 didit„
279 2371 321 2407 et
351 2367 463 2407 hanc
494 2379 664 2419 quoque
701 2365 745 2405 in
789 2364 984 2405 iconibus
1030 2364 1238 2417 exposuit.
1299 2363 1405 2404 Mihi
1449 2362 1654 2415 adparuit

124 2435 411 2477 differentiam
445 2447 496 2475 ex
528 2437 644 2474 statu
675 2436 717 2473 et
747 2432 1043 2474 exsiccationis
1074 2431 1200 2472 modo
1233 2431 1512 2484 speciminum
1550 2444 1652 2483 pen-

126 2506 239 2546 dere.
302 2504 350 2545 In·
382 2504 532 2556 planta
562 2517 661 2543 mox
691 2500 952 2554 capsulifera
982 2500 1054 2541 fila
1085 2501 1302 2549 interiora,
1331 2513 1533 2552 gruinosa
1553 2499 1654 2541 sub-

127 2573 289 2615 stantia
326 2572 478 2621 fan-cta,
526 2571 657 2611 alium
704 2571 874 2610 omnino
921 2569 1171 2621 adspectum
1217 2571 1417 2621 praebentq
1451 2581 1580 2621 quain
1611 2567 1654 2607 in

127 2641 277 2695 planta
323 2639 459 2681 sterili
490 2643 532 2680 et
564 2637 965 2692 sphaerosporisera:
1012 2637 1161 2677 eadem
1207 2637 1279 2677 fila
1324 2636 1542 2682 interiora,
1578 2636 1654 2677 hoc

128 2710 267 2750 stadio
298 2707 468 2749 facilius
500 2707 701 2759 collapsa,
734 2705 868 2746 multo
902 2705 1036 2756 magis
1070 2705 1214 2747 densa.
1238 2704 1432 2757 longiora
1455 2709 1495 2743 et
1517 2704 1655 2744 minus

127 2790 301 2818 ramosa
345 2776 552 2817 crederes.
612 2774 776 2815 Eadem
827 2773 916 2814 fere
961 2772 1206 2813 differentia
1251 2773 1373 2812 strati
1421 2772 1654 2821 corticalis3

130 2846 315 2887 sectione
347 2844 510 2885 frondis
542 2842 714 2897 oblique
745 2842 875 2883 ducta
906 2845 1091 2882 stratum
1120 2840 1321 2883 corticale
1342 2839 1468 2880 unius
1489 2840 1655 2893 paginae
