1757 3114
113 146 340 190 Catenella.
513 148 518 155 ”
763 142 1003 184 Somfflm.
1183 118 1187 123 ἱ
1572 141 1649 183 587

223 258 431 310 foventia,
463 259 638 300 nucleus
670 257 910 311 placentari
941 255 1156 309 adparatu
1188 255 1371 297 centrali
1393 254 1650 305 subdivisus,

224 325 448 368 fasciculos
479 327 652 368 filorum
683 324 1012 380 praegnantium,
1045 323 1333 377 peripheriam
1365 336 1512 364 versus
1534 323 1650 364 radi-

225 399 359 446 antes,
406 395 626 438 sterilibus
656 394 739 436 filis
771 408 797 434 a
826 392 1027 447 placenta
1058 392 1114 433 ad
1153 392 1227 434 fila
1263 392 1534 446 peripherica
1579 406 1650 434 ex-

224 463 355 504 tensis
386 462 646 517 interceptos
678 463 900 512 emittens3
933 460 1163 514 gemmidia
1193 462 1237 502 in
1268 460 1350 502 filis
1379 460 1650 502 radiantibus

224 545 363 585 pauca
403 531 807 585 oblongo-obovata.
849 520 1185 582 ”Sphoerosporce
1231 530 1343 571 inter
1373 528 1449 571 fila
1479 528 1650 570 monili-

224 600 380 641 forinia
411 599 603 651 evolutae,
637 599 844 653 oblongae,
876 598 1061 640 zonatim
1094 597 1251 639 divisae.

222 727 501 782 Cystocarpia
522 727 649 781 hujus
672 726 850 769 Generis
872 740 973 767 raro
996 725 1268 767 obvenientia
1288 726 1501 767 videntur.
1534 727 1649 769 Prae-

108 800 176 838 ter
207 797 421 850 specimen
466 796 680 837 minutum
725 794 1042 849 capsuliferum,
1090 794 1205 848 quod
1239 793 1408 848 Species
1440 794 1650 849 Algarum

109 866 298 907 scribens
330 864 565 915 observavi,
599 863 766 905 nullum
797 862 895 913 vidi,
928 877 979 904 ex
1011 877 1095 916 quo
1128 862 1260 904 dubia
1291 867 1393 904 tunc
1416 863 1552 906 allata
1573 879 1649 919 po-

108 937 201 976 stea
232 933 384 975 tollere
415 932 550 974 licuit.
613 931 1000 990 Observationibus
1030 931 1177 985 itaque
1209 931 1361 973 iisdem
1393 937 1523 987 atque
1545 947 1649 974 ana-

108 1002 189 1058 lysi
220 1006 322 1043 tunc
353 1001 468 1042 facta
499 1000 626 1042 hodie
658 1014 725 1042 nie
751 1001 968 1046 insistere,
1000 1000 1162 1041 dictum
1196 1000 1322 1041 volni.
1382 1001 1550 1053 Postea,
1574 1003 1649 1044 ob-

108 1075 278 1114 servata
333 1070 701 1124 cystocarpioruin
753 1068 1011 1120 differentia,
1068 1069 1238 1110 Genera
1292 1069 1650 1112 Dumontiearum

107 1141 234 1183 aliter
280 1139 547 1194 disponenda
592 1139 776 1190 credidi3
822 1139 866 1180 in
911 1138 1128 1180 nonnullis
1174 1139 1287 1179 enim
1320 1139 1491 1181 nucleos
1524 1142 1649 1194 quasi

107 1209 380 1262 compositos,
412 1209 456 1249 in
488 1208 584 1249 aliis
617 1207 829 1261 simplices
867 1207 973 1254 vidi3
1019 1206 1093 1248 fila
1124 1207 1440 1260 gemmidiifera
1477 1223 1649 1263 quoque

106 1278 168 1320 ita
199 1277 368 1320 diversa
398 1282 446 1318 ut
478 1291 589 1319 nunc
622 1276 853 1331 gemmidia
876 1276 1112 1318 evidentius
1136 1277 1307 1330 seriata,
1331 1291 1442 1318 nunc
1465 1293 1648 1332 superne
1700 1327 1709 1330 „

106 1346 242 1401 magis
289 1346 549 1400 conglobata
594 1345 905 1398 adparuerunt.
966 1344 1030 1386 Ex
1063 1345 1229 1400 analysi
1268 1346 1487 1399 quondam
1532 1346 1649 1389 facta

105 1419 172 1457 sat
202 1416 481 1469 conspicuum
513 1415 708 1468 adparet,
740 1415 937 1456 nucleum
970 1414 1202 1456 Catenellae
1226 1429 1319 1456 esse
1342 1416 1645 1469 compositum;

103 1487 251 1525 utrum
283 1488 429 1525 autem
461 1484 756 1526 Rhabdonieis
795 1497 850 1524 an
888 1483 1218 1537 Areschougieis
1251 1483 1474 1526 Catenella
1504 1487 1646 1539 potius

103 1553 330 1605 referatur,
364 1568 448 1594 non
479 1567 601 1607 aeque
642 1553 928 1606 perspicuum.
988 1552 1281 1594 Rhabdonieis
1312 1553 1478 1595 interea
1508 1554 1645 1596 adnu-

102 1623 275 1665 meravi.

216 1691 328 1741 Quid
360 1691 414 1732 sit
445 1691 607 1744 species
639 1691 682 1731 in
713 1690 792 1732 hoc
823 1703 979 1744 genere
1010 1691 1152 1732 adhuc
1174 1705 1327 1745 parum
1349 1692 1497 1746 liquet.
1540 1692 1641 1742 Quae

102 1758 324 1811 hucusque
356 1759 436 1800 sub
458 1758 639 1800 diversis
672 1759 916 1800 nominibus
938 1760 1170 1812 propositae
1193 1760 1380 1809 fuerunt,
1403 1760 1492 1801 fere
1516 1761 1644 1802 nullis

102 1828 426 1869 characteribus
459 1828 744 1881 percipiendis
776 1828 1097 1881 dignoscantur.

104 1956 138 1996 1.
170 1952 214 1995 C.
247 1967 503 1996 OLJGARTHRA
534 1955 602 2009 (J.
635 1955 716 2009 Ay.
749 1958 896 2012 mser.)
918 1957 1163 2010 czespitibus
1186 1943 1480 2000 erectiusculis
1505 1960 1642 2001 minu-

213 2022 401 2073 tissimis,
435 2024 476 2063 in
510 2027 697 2066 stratum
730 2025 1028 2066 brevissimum
1068 2027 1328 2080 aggregatis,
1360 2028 1585 2070 frondibus
1617 2044 1643 2070 a

214 2090 333 2132 disco
365 2091 546 2132 radicali
578 2092 850 2134 radiantibus
883 2093 1224 2141 subumbellatis,
1250 2095 1429 2149 singulis
1453 2096 1640 2139 clavato-

215 2158 523 2213 pyriformibus
556 2161 681 2202 unico
714 2161 896 2202 articulo
930 2165 1005 2202 aut
1027 2162 1208 2213 duobus,
1232 2162 1389 2205 isthmo
1412 2166 1640 2218 conspicuo

213 2229 436 2281 separatis,
468 2229 671 2272 inferiore
704 2231 969 2284 stipitiformi
1002 2231 1284 2285 cylindraceo,
1318 2234 1539 2286 superiore
1571 2249 1639 2276 ro-

213 2297 408 2348 tundato,
441 2299 697 2341 constitutis.
1100 2293 1104 2297 V

269 2377 380 2420 Hab.
428 2378 482 2419 ad
527 2378 694 2432 lapides
739 2381 783 2436 in
828 2380 919 2435 Bay
964 2380 1010 2422 of
1036 2381 1205 2423 Islands
1250 2382 1378 2424 Novae
1425 2382 1637 2426 Zelandiae

365 2446 604 2501 Berggren!

191 2540 363 2575 Frondes
391 2551 411 2573 a
435 2539 554 2574 fulcro
581 2540 724 2575 derasa}
753 2543 929 2587 caespites
958 2554 978 2575 a
1004 2543 1108 2577 disco
1134 2543 1290 2578 radicali
1328 2544 1635 2579 subumbellatim

97 2597 306 2639 radiantes,
334 2608 415 2630 cun]
435 2598 595 2640 quadam
616 2598 768 2633 habitus
790 2599 1041 2633 similitudine
1060 2600 1261 2634 Chondriae
1282 2601 1500 2636 umbollulae
1520 2602 1634 2636 Harv.

97 2656 136 2688 at
161 2654 280 2688 multo
306 2653 485 2698 minores,
518 2655 775 2697 constituunt:
809 2656 968 2701 singulae
1002 2656 1066 2691 vix
1091 2656 1234 2691 3lineas
1260 2657 1501 2702 longitudine
1528 2670 1635 2703 supe-

95 2714 196 2754 rant,
225 2713 288 2745 ant
313 2710 423 2745 unico
462 2711 621 2746 articulo
658 2713 853 2757 pyriformi
892 2716 1128 2754 constantes,
1167 2717 1232 2747 aut
1257 2714 1416 2758 duobus,
1453 2716 1633 2751 inferiore

96 2779 232 2812 nempe
260 2767 400 2801 sensim
438 2768 678 2812 cylindraceo
716 2770 821 2814 quasi
860 2770 1031 2814 stipitem
1070 2770 1257 2815 superiori
1295 2772 1524 2817 subgloboso
1560 2773 1632 2808 for-

95 2824 380 2865 mante3ist1no
407 2825 576 2860 evidenti
613 2827 866 2871 cylindraceo,
905 2828 1037 2872 stipite
1075 2828 1191 2872 duplo
1228 2829 1413 2872 tenuiore,
1451 2831 1631 2867 articulos

96 2886 310 2928 separante.
359 2883 521 2919 Articuli
559 2885 725 2931 supremi
763 2890 839 2930 aut,
878 2886 940 2921 ubi
978 2886 1134 2933 singuli,
1162 2887 1287 2933 apices
1316 2891 1405 2923 sunt
1431 2890 1631 2927 evidenter
