1757 3114
690 188 1075 231 NEMATosPERMEAE.
1560 186 1640 226 242),

106 306 241 347 ricum
262 304 481 358 quoddam
503 308 700 353 stratum,
722 303 921 345 nucleum
943 302 1148 353 ambiens,
1172 300 1511 344 excurrentibus.
1553 299 1641 339 Nu-

106 373 229 415 cleoli
251 386 362 426 saepe
385 372 552 414 diverso
576 377 768 426 tempore
796 374 1154 416 maturescentes;
1187 370 1389 410 nimirum
1414 369 1486 409 alii
1509 369 1641 422 (szepe

106 441 368 496 superiores)
399 441 693 494 przecociores,
727 440 823 481 aliis
855 438 1165 493 (inferioribus,
1189 452 1263 479 seu
1286 438 1356 491 qui
1380 451 1403 478 a
1425 437 1556 477 ramis
1579 437 1642 476 in-

104 509 332 550 ferioribus
373 509 581 562 placentae
628 508 884 562 paniculatae
932 507 1150 562 oriuntur)
1196 507 1354 548 sensim
1386 520 1461 547 suo
1493 505 1643 546 ordine

105 578 508 619 maturescentibus.
556 578 751 631 Denique
782 578 877 630 ipsa
908 575 1078 616 filorum
1111 576 1429 629 praegnantium
1462 574 1643 627 disposi-

104 648 164 688 tio
194 647 255 687 ita
286 647 469 690 diversa:
501 650 548 687 ut
579 651 654 687 aut
675 660 700 687 a
722 645 959 699 placentari
981 644 1197 698 adparatu
1218 644 1357 686 basali
1378 643 1642 697 proveniant,

105 716 219 756 intra
249 715 540 768 pericarpiuni
573 729 744 755 sursum
777 718 995 767 porrecta;
1029 718 1105 754 aut
1136 727 1161 754 a
1192 713 1391 766 placenta
1422 713 1466 752 in
1497 715 1644 752 centro

106 783 244 824 nuclei
275 782 424 831 libera,
458 783 666 824 columnis
698 782 867 823 filorum
890 781 1101 823 sterilium
1124 795 1149 821 a
1170 781 1367 834 placenta
1393 781 1447 822 ad
1469 781 1643 834 plexum

106 852 365 905 ambientem
398 852 587 893 extensis
627 864 848 904 suspensa,
897 863 1242 903 quorpioversun]
1291 848 1523 898 radiantia,
1570 851 1645 887 aut

105 920 224 962 nullo
254 920 345 961 fere
376 921 551 973 proprio
583 919 824 974 placentari
842 920 1057 973 adparatu
1089 917 1272 963 evoluto,
1307 932 1331 959 a
1362 917 1445 958 filis
1478 917 1644 958 frondis

107 988 276 1041 singula
306 994 381 1029 aut
403 988 773 1029 subfasciculatim
796 988 1008 1030 exeuntia.
1051 987 1127 1028 His
1149 987 1365 1040 przecipue
1389 986 1645 1027 ducentibus

103 1058 273 1098 filorum
304 1058 623 1111 praegnantium
655 1057 992 1103 diversitatibus,
1026 1056 1198 1098 ordines
1221 1056 1411 1096 diversos
1442 1055 1639 1096 Nemato-

104 1140 397 1180 spermearum
429 1127 755 1168 characteribus
788 1126 1139 1167 circumscribere
1171 1125 1346 1166 molitus
1378 1140 1484 1166 sum.

216 1195 438 1245 Quomodo
471 1195 670 1246 Ordines,
703 1196 776 1248 qui
808 1200 908 1236 sunt
939 1196 982 1235 in
1014 1195 1124 1236 serie
1163 1193 1645 1247 Nematospermearum

105 1264 261 1317 plures,
295 1264 565 1317 potissimum
596 1264 776 1304 invicem
808 1263 1106 1316 disponantur,
1141 1263 1258 1303 haud
1290 1262 1416 1303 facile
1438 1262 1645 1315 dijudica-

104 1336 188 1374 tur.
248 1331 358 1374 Sunt
402 1332 549 1373 forsan
596 1332 669 1385 qui
715 1332 900 1373 credunt
946 1332 1302 1385 Areschougieas,
1349 1345 1534 1384 quorum
1574 1327 1663 1370 fila‘

106 1401 420 1454 gemmidiifera
451 1401 614 1442 diutius
647 1405 688 1442 et
718 1401 935 1454 praecipue
967 1402 1010 1441 in
1042 1404 1166 1454 parte
1204 1398 1408 1441 inferiore
1441 1399 1647 1440 distincta

104 1475 291 1519 manent,
324 1471 437 1510 inter
469 1470 876 1522 Nematospermeas
911 1469 1087 1510 ultimas
1120 1468 1385 1509 ordinandas
1425 1481 1529 1515 esse,
1575 1472 1644 1507 ut-

105 1543 202 1592 pote
226 1539 290 1580 hae
313 1539 582 1592 potissimum
616 1538 985 1592 Hormospermeis
1017 1538 1361 1591 adpropinquari
1383 1537 1645 1577 viderentur.

106 1607 199 1648 Fila
230 1611 376 1648 autem
408 1607 723 1660 gemmidiifera
754 1607 796 1647 in
829 1607 1134 1660 Areschougia,
1168 1620 1300 1659 quum
1333 1606 1474 1646 minus
1497 1605 1645 1646 subdi-

104 1676 264 1717 visione
296 1679 620 1728 componantur,
654 1689 802 1716 revera
824 1676 867 1716 in
890 1690 968 1716 sua
989 1675 1098 1716 serie
1120 1676 1329 1716 minorem
1360 1674 1645 1715 evolutionem

107 1745 330 1798 attingere,
362 1745 505 1798 potius
539 1745 872 1785 considerarem.
916 1744 1002 1786 Nec
1034 1744 1205 1786 Genera
1226 1744 1643 1797 Areschougiearum

107 1817 205 1854 sunt
236 1827 298 1859 ea,
332 1828 426 1867 quae
459 1813 543 1854 alio
590 1818 789 1866 respectu
833 1814 945 1854 inter
990 1812 1395 1865 Neniatospermeas
1444 1826 1647 1865 suprema

106 1882 342 1923 videantur.
405 1882 651 1936 Spyridieae,
699 1896 793 1935 quae
827 1886 975 1935 utpote
1008 1881 1261 1933 articulatae,
1296 1887 1337 1922 et
1369 1882 1571 1935 analogia
1603 1882 1646 1921 in

107 1951 270 1991 caeteris
303 1952 503 1999 seriebus,
537 1951 719 1992 ducente
741 1951 982 1992 evolutione
1012 1951 1236 1991 inferiores
1268 1951 1522 2003 adpareant,
1546 1955 1647 1991 sunt

107 2018 218 2068 inter
240 2017 644 2071 Nematospermeas
667 2032 762 2071 quse
786 2018 1106 2070 Arechougieis,
1130 2018 1410 2060 suadentibus
1427 2018 1510 2059 filis
1529 2032 1646 2070 gem-

108 2086 345 2137 midiiferis,
377 2087 583 2140 proximae
617 2087 916 2140 disponantur.
977 2086 1060 2141 His¹
1092 2087 1375 2128 consideratis
1408 2087 1645 2140 Rh‹1›dyme-

110 2157 238 2208 nieas,
272 2162 419 2210 utpote
451 2157 745 2198 characterem
769 2171 855 2197 sure
879 2156 1003 2198 seriei
1026 2156 1184 2209 optime
1208 2156 1426 2197 evolutum
1449 2155 1646 2205 offerant,

111 2239 333 2279 supremas
361 2226 564 2280 judicavi.

162 2296 163 2301 ’
222 2297 440 2338 Praeterea
470 2298 565 2350 ipsa
596 2297 669 2338 fila
700 2297 1012 2350 gemmidiifera
1043 2297 1098 2337 ad
1122 2297 1335 2350 triplicem
1358 2301 1433 2337 aut
1456 2296 1646 2349 quadru-

111 2365 263 2418 plicem
294 2370 443 2420 typum
476 2366 670 2408 confecta
702 2381 934 2420 agnoscere
957 2367 1133 2417 credidi,
1158 2382 1340 2420 quorum
1364 2367 1508 2407 forsan
1533 2366 1646 2418 quis—

112 2449 192 2487 que
224 2435 369 2488 plures
401 2435 699 2488 complectitur
736 2436 920 2476 ordines.
982 2435 1163 2476 Ordines
1210 2437 1356 2488 itaque
1396 2424 1647 2487 per‘plurcs

112 2503 299 2545 diversas
331 2505 542 2546 subseries
574 2505 862 2558 disponendos
896 2505 1081 2546 credidi:

113 2629 402 2679 SUBSERIES
438 2630 473 2679 l·
545 2642 648 2683 Filis
681 2642 1005 2695 gemmidiiferis
1040 2643 1128 2683 sine
1161 2643 1377 2695 adparatu
1408 2643 1647 2695 placentari

224 2710 397 2762 proprio
421 2723 446 2749 a
466 2711 597 2750 ramis
629 2712 847 2752 sterilibus
879 2711 1164 2752 exterioribus
1196 2710 1361 2751 frondis
1393 2711 1645 2757 articulatze,

225 2781 301 2817 aut
323 2776 406 2817 filis
428 2777 706 2819 interioribus
728 2778 893 2820 frondis
915 2780 1128 2819 continua}
1152 2779 1513 2831 provenientibus,
1547 2780 1647 2820 sim-

225 2846 488 2898 pliciusculis
507 2850 582 2886 aut
600 2861 704 2899 vage
721 2862 875 2900 parum
893 2849 1084 2891 ramosis.
1105 2862 1215 2901 stepo,
1234 2849 1429 2901 pluribus
1446 2849 1647 2901 adproxi-

226 2914 364 2957 matis.
392 2915 656 2966 juvenilibus
688 2916 1045 2956 moniliformil»us
1078 2923 1117 2957 ct
1142 2918 1335 2958 articulis
1359 2918 1528 2958 seriatis
1550 2919 1646 2959 bre-

1456 2985 1518 3018 16*
