1757 3114
97 77 293 120 Cruoria.
719 74 1008 122 SQUAMARIEAE.
1543 73 1593 113 37
1601 74 1624 114 7

95 190 265 232 Crouan
303 190 606 243 depinguntur,
652 189 714 231 ita
752 202 853 230 sane
892 202 988 229 cum
1019 188 1071 228 iis
1103 185 1366 228 Nemalionis
1398 188 1624 228 convenire

93 259 303 309 videntur,
336 262 384 298 ut
414 257 607 311 plantam
640 271 665 298 a
687 257 858 299 Crouan
880 256 1093 310 depictam
1114 254 1358 297 Nemalioni
1384 255 1625 308 proximam

94 342 185 370 esse
215 327 383 369 facilius
415 327 519 367 mihi
550 326 846 380 persuadeam.
888 325 993 367 Mihi
1023 338 1123 366 vero
1155 325 1199 365 hi
1229 324 1396 366 fructus
1417 324 1462 365 in
1483 324 1625 377 specie

93 395 284 440 Cruoriae
314 397 376 438 ita
405 397 645 446 alium-mes.
678 400 720 438 et
750 400 888 438 totum
933 394 1260 448 speciminulum
1303 393 1520 447 depictum
1565 393 1626 434 ita

92 481 118 508 a
148 467 299 520 planta
330 465 712 520 sphaerosporifera
742 465 881 507 forma
911 467 954 506 et
983 463 1294 505 ramificatione
1316 461 1527 505 abludens
1549 461 1625 503 ad-

91 536 237 589 paruit
267 538 316 576 ut
346 533 451 575 mihi
483 534 653 575 videtur
683 547 807 588 posse
837 534 881 574 in
912 532 1092 574 dubium
1112 531 1256 573 vocari
1278 545 1389 572 anne
1409 529 1626 584 fragmen-

92 607 185 645 tum
215 603 433 657 depictum
464 616 611 644 errore
643 601 832 656 quodam
862 600 918 642 ad
949 598 1176 641 Cruoriam
1208 599 1395 641 relatum
1424 599 1568 641 fuerit.

94 698 128 737 1.
162 695 231 738 Gn.
263 709 488 737 ADHAERENS
520 693 711 748 (Cromm
743 696 887 751 mser.)
925 692 1008 735 filis
1046 691 1319 734 verticalibus
1360 690 1626 745 simplicibus

205 767 281 804 aut
311 763 561 817 parcissime
607 762 860 804 dicliotomis
905 761 1111 815 utrinque
1156 760 1405 801 attenuatis.
1453 759 1497 801 J.
1545 758 1627 811 Ag).

207 831 276 884 Sp.
299 846 346 885 p.
379 833 472 873 491.
508 832 736 874 Nemalz'on
767 830 989 873 adhaerens
1021 828 1192 872 Crouan
1221 842 1344 870 mser.
1376 831 1414 869 ct
1446 826 1492 869 F
1492 828 1515 868 l.
1551 827 1627 869 Fa·-

205 902 304 942 m'st.
327 915 374 953 p.
409 901 499 941 146.
537 902 648 942 Anu.
686 899 749 943 Sc.
785 900 886 941 Nat.
919 900 945 939 4
974 912 1055 940 ser.
1093 901 1186 939 tom.
1220 898 1244 938 9
1267 897 1332 950 pl.
1366 897 1390 937 3
1410 898 1487 952 fig).
1519 897 1628 937 3-6

205 983 236 1011 c.
297 966 482 1011 Cruoria
518 968 674 1021 pellita
720 968 781 1010 Le
828 967 937 1009 Iolis
969 967 1066 1020 Azy.
1100 966 1218 1008 Mar.
1258 963 1405 1009 Cherb.
1442 964 1509 1007 Pl.
1542 963 1629 1006 IV.

232 1052 273 1078 J.
307 1037 426 1078 1—3.

197 1038 262 1092 fij
357 1105 406 1146 In
437 1105 606 1147 Oceano
638 1105 843 1147 atlantico
875 1105 930 1146 ad
962 1104 1110 1146 littora
1140 1103 1306 1146 Galliae.

94 1187 131 1227 2.
163 1184 234 1227 Cn.
266 1200 432 1227 PELLITA
463 1186 564 1240 (Lb.
598 1186 738 1240 Hydr.
771 1184 890 1228 Dan.
913 1200 961 1238 p.
994 1185 1095 1240 193)
1139 1184 1224 1226 filis
1269 1182 1533 1225 fasciculatis
1565 1182 1630 1223 111-

207 1254 326 1296 ferne
358 1254 488 1295 dense
519 1255 701 1296 ramosis
734 1269 918 1308 superne
965 1254 1212 1304 attenuatis,
1260 1252 1456 1306 apicibus
1501 1264 1631 1305 parce

206 1323 478 1378 corymbosis.
511 1323 556 1366 J.
588 1324 670 1378 Agl.
706 1324 776 1377 Sp.
799 1338 846 1377 20.
879 1325 972 1365 491.
1003 1322 1178 1366 Aresch.
1209 1323 1255 1364 in
1289 1322 1474 1364 Linnoea
1508 1321 1569 1361 17.
1593 1320 1630 1360 3.

197 1407 245 1446 p.
277 1393 356 1434 267
390 1393 471 1434 tab.
506 1393 586 1435 IX
600 1394 677 1447 fiy.
709 1395 730 1434 7
766 1397 808 1434 et
839 1394 877 1435 8.
910 1391 1117 1446 Chaetoph.
1140 1392 1296 1446 pellita
1330 1391 1407 1433 Lb.
1439 1391 1463 1433 Z.
1495 1405 1526 1432 e.
1549 1390 1632 1432 tab.

208 1462 272 1502 66.
306 1460 364 1503 B.
398 1461 516 1504 Flor.
551 1461 668 1503 Dan.
702 1461 783 1503 tab.
818 1462 924 1503 1728
945 1462 1022 1516 fiy.
1057 1462 1091 1502 1.

209 1530 317 1571 Hab.
350 1530 393 1571 in
424 1529 593 1572 Oceano
626 1530 832 1571 atlantico
865 1529 920 1571 ad
951 1529 1101 1572 littora
1131 1529 1317 1582 Europae
1350 1527 1598 1582 superioris.

186 1611 345 1646 Nomine
373 1611 538 1646 Cruoriae
565 1611 711 1656 pellitae
738 1612 866 1656 plures
895 1612 1041 1656 species
1068 1610 1241 1645 confusas
1275 1609 1391 1644 fuisse
1426 1609 1518 1644 satis
1546 1620 1632 1643 0011-

94 1671 183 1703 stat.
234 1667 447 1713 Spccimina
472 1668 675 1713 originalia
699 1669 840 1713 plantae
875 1667 1074 1713 Lyngbyei
1108 1678 1309 1711 numquam
1335 1666 1481 1701 fertilia
1505 1667 1632 1701 obser—

94 1728 244 1760 varunt.
296 1725 493 1770 Ruprecht
531 1726 701 1770 plantam
739 1738 759 1760 a
784 1726 1055 1760 Hornemanno
1093 1725 1261 1767 missam,
1299 1736 1382 1768 quae
1422 1727 1549 1758 tamen
1586 1735 1633 1757 an

94 1783 226 1827 planta
256 1782 454 1826 Lyngbyei
482 1781 532 1816 sit
568 1782 669 1816 haud
706 1786 851 1817 certum
889 1783 1056 1826 videtur,
1093 1782 1260 1816 fertilem
1298 1781 1408 1825 vidit,
1446 1781 1632 1815 fructibus

94 1839 173 1873 fere
198 1838 455 1873 Actinococci.
506 1839 564 1872 An
590 1839 717 1883 itaque
744 1851 881 1874 nomen
908 1840 1076 1874 Cruoriae
1114 1838 1368 1873 Actinococco
1405 1838 1540 1883 generi
1567 1838 1634 1872 tri-

95 1897 286 1932 buendum
315 1899 354 1931 et
380 1897 535 1931 Cruoria
562 1897 763 1931 adhaerens
788 1901 831 1931 ut
857 1909 977 1943 genus
1006 1898 1062 1931 sui
1083 1897 1180 1942 juris
1207 1908 1303 1931 novo
1329 1896 1480 1931 nomine
1508 1895 1634 1941 desig-

96 1955 235 1990 netur?

188 2011 277 2047 Obs.
328 2013 605 2047 Celeberrimos
635 2013 798 2056 Crouan,
825 2013 887 2057 qui
915 2016 1002 2047 ante
1030 2012 1123 2047 alios
1149 2012 1315 2057 plantas,
1342 2023 1434 2055 quas
1455 2011 1630 2055 Squama-

95 2070 185 2105 rieis
213 2071 431 2115 adnumero,
458 2071 669 2105 numerosis
697 2071 1029 2105 observationibus
1055 2070 1314 2113 illustrarunt,
1334 2081 1447 2114 supra
1466 2068 1635 2113 descrip-

96 2130 173 2162 tam
199 2128 259 2163 Cr.
287 2128 547 2162 adhaerentem
573 2128 619 2161 ad
644 2128 844 2163 Nemalion
871 2127 1014 2162 referre
1036 2128 1114 2172 jam
1141 2138 1255 2172 supra
1281 2126 1373 2160 dixi.
1423 2126 1543 2160 Iidem
1570 2138 1633 2159 no-

96 2183 197 2218 mine
224 2184 389 2219 Cruoriae
417 2195 537 2229 genus
564 2185 766 2228 quodcum
785 2184 983 2219 Friesiano
1004 2184 1213 2218 identicum
1231 2183 1475 2218 considerare
1503 2182 1634 2217 viden-

97 2243 171 2284 tur,
197 2243 414 2285 proponunt
440 2241 497 2274 sui
518 2241 629 2285 juris,
656 2242 768 2286 quod,
796 2245 978 2285 quantum
1004 2241 1097 2275 mihi
1111 2240 1285 2286 judicare
1312 2240 1490 2285 contigit,
1517 2239 1635 2285 potis-

98 2297 233 2330 simum
259 2297 484 2342 dignoscere
522 2298 654 2332 volunt
691 2298 765 2332 filis
805 2298 917 2333 strati
956 2298 1150 2333 verticalis
1190 2297 1439 2342 simplicibus,
1467 2308 1487 2330 a
1513 2299 1635 2331 strato

97 2353 217 2389 basali
244 2353 480 2388 evidentiore
508 2355 809 2399 egredientibus.
846 2355 1137 2400 Sphaerosporas
1167 2354 1329 2389 zonatim
1356 2354 1513 2398 divisas,
1539 2355 1634 2388 late-

97 2411 231 2446 raliter
257 2423 277 2445 a
302 2412 375 2446 filis
402 2412 647 2447 verticalibns
685 2414 952 2458 provenientes
978 2414 1158 2459 pingunt.
1206 2413 1301 2447 Mihi
1327 2413 1553 2447 differentiae
1583 2413 1634 2446 al-

98 2469 186 2504 latae
213 2470 277 2504 vix
304 2470 383 2515 ejus
409 2473 556 2504 naturae
583 2471 770 2515 adparent
796 2474 836 2505 ut
862 2472 988 2506 Genus
1017 2472 1073 2506 sui
1095 2470 1195 2515 juris
1213 2473 1428 2515 poscerent.
1480 2469 1633 2514 Species

99 2527 303 2572 descriptae
331 2530 437 2561 sunt:

101 2595 285 2637 CanofflA
316 2611 524 2637 romeam
556 2595 750 2650 (Gronau
780 2596 878 2650 Alss.
915 2597 1061 2639 Fe'm'st
1081 2612 1128 2649 J).
1163 2597 1238 2637 147
1278 2596 1345 2637 Pl.
1370 2597 1420 2637 18
1441 2609 1510 2637 mo
1536 2596 1635 2646 123)

215 2663 469 2707 Contarz'm'a
513 2666 847 2719 cruore'oeforme's
895 2665 962 2708 Cr.
1011 2667 1054 2707 m
1098 2664 1211 2707 Anu.
1253 2664 1318 2707 Sc.
1355 2664 1456 2706 Nat.
1489 2665 1514 2704 4
1547 2664 1635 2706 Ser.

214 2736 308 2774 tom.
341 2733 364 2772 9
402 2731 466 2773 ΡΖ.
499 2733 523 2773 3
544 2733 621 2785 figs.
652 2734 678 2774 4
710 2735 835 2776 assd.

366 2800 414 2842 In
446 2799 769 2844 Lithothamnio
802 2803 857 2844 ad
889 2802 1026 2844 Brest.
1379 2773 1725 2870 ,φ”ἐςὲινμέμίζῆί
