1762 3036
86 111 449 163 Thamnoearpus.
725 108 964 150 CERAMIEAE.
1564 108 1615 148 83

80 225 204 259 viores
231 222 380 257 articuli
406 221 445 255 in
470 221 625 255 rachide
652 221 872 266 penicillata
898 220 1098 264 adparent,
1125 218 1280 264 plurimi
1317 219 1501 253 diametro
1539 231 1617 253 ses-

80 281 350 325 quilongiores,
377 281 441 312 aut
465 277 666 320 inferiores
685 278 762 311 fere
782 277 960 320 aequales.
996 276 1326 311 Transversaliter
1353 279 1458 309 secta
1482 276 1616 310 fronde

79 337 269 379 inferiore,
290 347 373 379 quae
394 335 541 369 Rhabd.
561 335 843 380 nigrescentem
863 346 937 367 non
956 334 1052 367 male
1072 333 1205 376 refert,
1225 334 1383 378 adparet
1400 334 1512 368 tubus
1533 345 1617 367 cen-

79 393 186 428 tralis
221 396 280 427 sat
316 393 476 437 amplus,
515 396 637 427 strato
685 391 834 426 filorum
871 390 1209 436 longitudinalium
1244 391 1364 425 multo
1401 391 1616 424 tenuiorum

79 451 239 494 cinctus,
277 450 451 485 corticali
489 450 653 493 denique
691 451 811 483 strato
849 450 1008 482 externe
1047 451 1192 489 tectus;
1237 448 1386 482 cellulae
1426 448 1617 482 corticalis

78 509 190 542 strati
214 508 360 542 intimae
387 507 599 541 directione
626 506 820 551 tangentis
848 506 1036 550 elongatae
1063 506 1263 550 adparent,
1290 506 1443 539 extimis
1464 506 1618 539 subver-

77 565 269 600 ticalibus.
319 565 494 599 Plantam
532 565 682 598 demum
718 562 909 608 penicillis
937 563 1165 597 denudatam
1192 563 1275 597 fieri
1301 567 1339 597 et
1364 563 1483 597 multo
1509 564 1619 597 robu-

78 622 232 657 stiorem
259 623 452 667 suspicor-3
487 634 559 666 quo
586 620 709 656 stadio
734 621 946 665 plantulam
972 632 1119 663 quoque
1157 621 1312 654 missam
1339 620 1482 664 accepi,
1508 631 1617 663 quam

70 680 339 725 Aresehougiae
360 680 538 724 speciem,
557 680 601 714 ab
620 679 685 712 Ar.
706 677 912 712 Laurentia
930 676 1042 710 ramis
1061 677 1297 722 longioribus
1317 677 1524 720 diversam,
1546 677 1620 711 for-

71 749 137 771 san
163 737 247 781 quis
274 737 448 771 haberet.
498 735 675 770 Pluribus
702 734 973 780 speciminibus
1002 737 1040 767 et
1066 734 1273 768 fructiferis
1301 734 1467 779 cognitis
1494 734 1620 768 tutius

66 796 261 840 judicatur
286 798 414 829 utrum
440 805 574 829 revera
598 791 875 836 Thamnocarpi
903 792 1050 836 species
1078 792 1141 834 sit,
1174 803 1221 825 an
1259 791 1420 825 alterius
1459 790 1621 824 Generis

69 863 202 897 forma,
225 852 461 896 juvenilibus
487 851 600 885 ramis
634 849 849 883 articulatis
885 852 923 882 ct
948 848 1183 893 penicillatis
1210 848 1388 893 insignis.
1438 847 1620 881 Habitum

75 910 378 944 diversissimum
415 913 453 943 et
490 907 802 943 ramificationein
841 906 870 940 si
910 906 1092 951 excipias,
1131 905 1373 940 characteres
1411 905 1489 939 fere.
1529 907 1619 938 sunt

77 967 253 1002 Ptilotae!

76 1062 113 1102 3.
145 1060 371 1102 Omma?
406 1074 702 1101 PENICILLATUM
749 1059 910 1112 (Hm.
960 1058 1057 1111 Aly.
1103 1060 1237 1099 (mser.
1284 1070 1370 1098 (της.
1402 1070 1472 1098 ηπ)
1504 1057 1619 1110 516.)

189 1129 341 1170 fronde
373 1128 563 1169 filiformi
593 1127 710 1169 ultra
745 1132 927 1176 setacen,
959 1128 1091 1168 ramis
1114 1125 1407 1167 consimilibus
1439 1125 1563 1178 quasi
1594 1139 1619 1164 a

191 1202 344 1238 trunco
376 1196 719 1238 arboriformiter
751 1195 1070 1249 egredientibus
1106 1195 1240 1248 vagis,
1286 1207 1407 1235 secus
1453 1194 1618 1246 superi-

191 1280 310 1307 orem
341 1269 511 1319 partem
542 1264 723 1306 ramulis
754 1263 1161 1305 callithanmioideis
1201 1263 1298 1315 plus
1331 1262 1472 1303 minus
1504 1275 1618 1302 com-

189 1335 341 1388 positis
374 1333 634 1388 peniciHata,
666 1337 818 1374 trunco
850 1333 1068 1386 ramisque
1100 1331 1230 1372 dense
1269 1331 1487 1372 corticatis
1519 1345 1618 1370 con-

191 1404 336 1454 tinuis,
368 1404 563 1457 apicibus
595 1403 935 1444 increscentibus
957 1401 1296 1454 rachidibusque
1318 1400 1617 1453 penicillorum

130 1503 132 1505 -
191 1473 444 1523 articulatis,
476 1471 685 1526 penicillis
726 1471 979 1513 dichotomis
1014 1471 1133 1523 apice
1173 1468 1515 1521 subs-orymbosis
1553 1468 1617 1508 in-

194 1541 313 1583 ferne
345 1543 388 1582 in
419 1541 596 1583 rachide
628 1542 785 1582 sensim
817 1540 1019 1593 elongata
1048 1539 1261 1593 pinnatim
1292 1538 1524 1591 dispositis„
1549 1551 1617 1577 ar-

192 1611 336 1652 ticulis
368 1610 666 1665 penicillorum
696 1610 908 1652 diametro
948 1609 1130 1663 4—(31)lo
1162 1609 1441 1662 longioribus.
1481 1607 1617 1648 Harv.

196 1679 324 1733 Phyc.
356 1683 491 1735 (lustu
523 1680 605 1722 tab.
639 1680 731 1720 273.

343 1749 408 1790 Ad
439 1749 605 1790 Novam
637 1747 917 1790 Hollandiam
948 1747 1198 1788 australem.

169 1831 338 1865 Stratum
365 1829 545 1863 corticale
572 1828 781 1873 proprium,
807 1827 957 1861 cellulis
984 1826 1141 1860 minutis
1179 1825 1396 1859 rotundatis
1434 1825 1617 1859 constitu-

79 1891 171 1932 tum,
197 1888 310 1932 longe
337 1886 530 1921 diversum
556 1888 648 1930 puto
675 1896 695 1918 a
720 1884 825 1919 fibris
852 1884 951 1918 intra
980 1884 1160 1917 (wrticcm
1187 1883 1480 1917 decurrentilms
1508 1882 1618 1915 Calli-

79 1944 347 1987 thamniorum,
380 1943 607 1987 longiusque
641 1942 762 1976 adhuc
789 1953 809 1975 a
835 1941 1126 1985 Spongocloniis
1160 1944 1319 1974 externo
1347 1939 1525 1984 stuposiS.
1575 1939 1617 1971 In

78 2000 252 2046 plurimis
279 2012 362 2034 cum
388 2000 673 2043 Thamnocarpo
700 2009 909 2043 congruere
935 1997 1027 2031 mihi
1056 1998 1207 2031 videtur
1231 1997 1364 2041 planta
1389 1997 1510 2029 adhuc
1536 1999 1618 2029 tan-

80 2062 160 2092 tum
196 2057 339 2092 sterilis
383 2056 550 2102 cognita.
600 2056 658 2090 Ad
696 2055 991 2100 descriptionem
1029 2054 1209 2099 optimam
1246 2054 1510 2097 Harveyanam
1547 2064 1617 2086 cw-

80 2118 204 2149 terum
229 2114 367 2148 addere
385 2114 505 2149 debeo
522 2124 581 2146 me
599 2112 766 2147 radicem
785 2124 859 2146 non
879 2111 1149 2155 disciformein,
1171 2112 1236 2145 scd
1254 2123 1441 2145 ramosum
1462 2110 1616 2145 vidisse.

83 2292 153 2342 ΙΧ.
190 2292 448 2343 CROUANIA
485 2302 530 2345 J.
563 2301 644 2355 Ay.
677 2300 775 2354 Αἶα.
806 2302 911 2344 med.
943 2305 981 2343 et
1013 2302 1083 2354 Sp.
1116 2301 1213 2355 Azy.
1235 2315 1282 2354 2).
1318 2303 1408 2342 104.

82 2418 219 2461 Frons
250 2418 461 2461 filiformis
493 2419 725 2461 articulata
755 2419 1244 2473 decomposito-ramosa
1274 2424 1316 2461 et
1344 2420 1398 2461 ad
1421 2420 1618 2473 genicula

196 2487 482 2529 verticillatim
510 2488 754 2539 ramellosa,
786 2489 1116 2542 monosiphonia
1146 2489 1263 2530 nuda
1292 2493 1367 2530 aut
1397 2488 1518 2531 fibris
1548 2503 1617 2530 ar-

196 2554 386 2595 ticulatis
417 2555 740 2609 angustioribus
784 2555 901 2596 intra
944 2556 1244 2597 membranam
1276 2559 1498 2597 externam
1529 2555 1616 2597 for-

196 2623 324 2663 matis
355 2623 573 2673 corticata,
606 2637 717 2664 nunc
748 2623 938 2665 ramellis
970 2623 1276 2665 verticillorum
1309 2625 1520 2665 arcuatim
1553 2639 1617 2667 se-

196 2704 271 2732 cus
302 2690 467 2731 caulem
497 2690 664 2733 reflexis
696 2691 739 2732 in
784 2695 968 2733 stratum
1013 2691 1235 2744 proprium
1281 2690 1617 2734 coalescentibus

197 2761 377 2799 obtecta.
421 2758 607 2800 Farellae
639 2759 803 2800 ramulo
835 2759 1084 2800 brevissimo
1117 2758 1303 2799 suffultae
1335 2759 1617 2802 sublaterales

199 2830 274 2868 aut
289 2827 331 2867 in
347 2825 539 2879 longiore
559 2828 818 2879 terminales,
842 2826 1030 2868 ramellis
1052 2828 1213 2879 cinctae,
1236 2827 1356 2868 intra·
1372 2828 1618 2880 peridcrma

1441 2896 1483 2928 G*
