1757 3114
155 88 235 129 448
301 122 311 138 ,Χ
775 84 1078 125 DELEssERmAE.
1378 84 1680 137 Nv'tophyllum.

269 199 592 252 lato-crispatis„
625 211 757 252 supra
788 199 927 239 sinum
972 199 1188 249 patentem
1220 197 1540 250 adproximatis.
1575 196 1682 237 soris

270 268 513 309 rotundatis
545 266 736 307 ocellatis
767 280 843 319 per
875 265 1060 305 mediam
1092 265 1357 317 superficiem
1381 266 1554 319 sparsis.
1586 264 1682 315 Aql.

258 335 517 388 pulchellmn
552 335 681 376 Karta.
712 335 794 376 tab.
826 331 954 385 Phyc.
1001 332 1087 373 Vol.
1123 332 1250 374 XIX
1277 334 1358 374 tab.
1391 335 1428 373 5.

325 404 433 445 Hab.
465 403 519 444 ad
552 403 715 444 Novam
746 401 1021 443 Hollandiam
1055 401 1376 442 occidentalem.

154 498 192 536 2.
224 495 272 536 N.
305 508 546 536 PUNCTATUM
576 493 766 548 (Stackh.
797 495 844 534 m
876 492 974 533 Lm.
1002 492 1074 532 Tr.
1099 491 1258 544 1111).
1281 492 1381 546 236)
1404 491 1556 533 fronde
1580 492 1677 533 sub-

268 562 405 605 sessili
452 566 579 604 tenue
623 562 949 603 membranacea
987 560 1149 610 avenia,
1198 559 1684 612 dichotomo-fastigiata

268 631 496 685 segmentis
544 631 790 680 linearibus,
823 633 898 670 aut
945 628 1129 669 dilatata
1174 627 1556 681 subpahnatisecta
1586 631 1627 668 et
1658 641 1684 668 a

274 700 470 753 margine
500 698 714 749 laciniata,
755 697 984 751 segmentis
1024 710 1154 750 supra
1191 696 1330 737 sinum
1361 699 1576 749 patentem
1608 695 1683 736 ad-

269 769 534 821 proximatis‚
566 768 673 809 soris
704 766 948 808 rotundatis
980 769 1056 806 aut
1086 764 1363 818 suboblongis
1395 764 1586 806 ocellatis
1607 778 1683 817 per

268 837 451 878 mediam
482 835 678 878 frondem
710 836 882 889 sparsis.
916 833 961 876 J.
994 833 1075 887 Ay.
1109 833 1181 886 Sp.
1203 847 1251 886 p.
1276 834 1366 874 659.
1390 833 1527 875 Harv.
1554 832 1681 885 Phyc.

269 904 385 946 Brit.
418 905 499 946 tab.
533 905 624 945 202.
666 901 776 946 Ulva
798 905 1009 955 punctam
1041 901 1206 944 Stackle..
1241 902 1266 943 Z.
1298 916 1328 943 c.

154 1001 195 1027 α.
227 999 465 1027 OCELLATUM
495 984 646 1026 fronde
678 982 1167 1035 dichotomo-fastigiata
1196 981 1428 1031 flabellata,
1456 983 1684 1034 segmentis

268 1053 515 1105 linearibus,
548 1052 741 1106 apicibus
772 1051 1050 1104 emarginatis
1081 1049 1325 1098 furcatisve.
1349 1050 1455 1091 soris
1476 1050 1683 1091 rotunda-

265 1121 333 1162 tis.
367 1119 533 1163 Deless.
564 1120 742 1162 ocellata
775 1119 898 1161 Lam.
931 1118 1056 1161 Grev.
1090 1116 1233 1171 Crypt.
1259 1117 1305 1159 F
1305 1118 1330 1159 l.
1353 1118 1435 1160 tab.
1458 1118 1551 1159 347.
1583 1118 1679 1169 Aql.

267 1189 488 1231 ocellatum
509 1192 547 1230 et
567 1188 664 1240 Agyl.
688 1187 960 1229 delicatulmn
984 1187 1114 1227 Kritz.
1148 1186 1232 1228 tab.
1267 1185 1396 1238 lejc.
1441 1185 1528 1226 Vol.
1564 1185 1691 1227 XVI

274 1258 355 1299 tab.
389 1258 453 1298 35.

153 1340 194 1390 β.
228 1336 439 1378 ULvolDEs
469 1336 621 1378 fronde
650 1335 951 1390 irregulariter
982 1334 1078 1376 fissa
1122 1337 1165 1375 et
1202 1334 1394 1387 margine
1424 1338 1572 1387 vegeto
1603 1334 1685 1374 cri-

268 1409 393 1458 spata
424 1405 580 1446 sensim
611 1404 796 1445 dilatata
827 1408 868 1444 et
898 1403 941 1443 in
982 1402 1161 1443 lacinias
1198 1401 1310 1453 fissa,
1352 1403 1544 1455 apicibus
1575 1415 1686 1456 saepe

266 1472 499 1513 crenulatis
538 1471 859 1525 multiffllisque,
900 1472 1007 1512 soris
1054 1469 1257 1524 oblongis.
1307 1470 1450 1512 Fucus
1490 1469 1687 1513 Ulvoides

270 1541 402 1583 Turn.
435 1542 517 1582 tab.
549 1542 613 1582 30.
651 1541 704 1582 N.
732 1544 980 1593 punctatum
1013 1539 1137 1582 Grev.
1169 1538 1266 1592 Aly.
1300 1538 1381 1580 Br.
1413 1540 1494 1581 tab.
1528 1542 1591 1580 12.

153 1637 189 1676 y.
222 1635 454 1663 RENIFORME
486 1622 638 1663 fronde
669 1622 833 1663 inferne
865 1621 1142 1669 subcuneata.
1174 1619 1287 1660 infra
1318 1619 1506 1661 inedium
1536 1620 1686 1672 subre-
1754 1663 1757 1667 ,

266 1690 506 1732 niformiter
536 1690 720 1732 dilatata
750 1689 1030 1744 palmatifida,
1063 1688 1291 1742 segmentis
1322 1687 1538 1741 primariis
1559 1702 1686 1730 cune-

268 1758 350 1799 atis
381 1772 565 1811 superne
596 1758 868 1812 divergenter
913 1756 1148 1805 multifidis,
1196 1756 1305 1797 soris
1349 1755 1494 1797 densis
1536 1770 1685 1798 zonam

273 1827 316 1867 in
348 1827 578 1879 segmentis
608 1826 858 1880 penultimis
888 1825 1187 1867 formantibus.

269 1893 375 1935 Hab.
406 1895 450 1935 in
482 1895 689 1936 atlantico
736 1894 955 1948 superiore
1002 1893 1056 1933 ad
1095 1892 1242 1933 littora
1273 1891 1457 1945 Europae
1489 1896 1530 1933 et
1561 1893 1685 1934 Ame-

423 1963 541 2009 1‘icae3
574 1963 615 2003 in
647 1962 963 2004 mediterraneo
994 1966 1036 2002 et
1066 1959 1287 2001 adriatico.

155 2054 191 2095 3.
224 2053 273 2094 N.
304 2066 477 2094 clusium
508 2053 661 2107 (Kritz.
698 2054 768 2106 Sp.
791 2068 838 2106 20.
869 2053 966 2106 868>
997 2051 1147 2093 fronde
1178 2050 1364 2092 breviter
1396 2050 1592 2103 stipitata
1622 2056 1684 2093 te-

271 2135 354 2162 nue
399 2121 729 2163 membranacea
760 2122 911 2162 avenia
947 2120 1191 2174 oblongam,
1225 2123 1475 2165 densissime
1507 2125 1687 2165 circum-

271 2191 386 2231 circa
416 2189 581 2231 undata
610 2194 686 2230 aut
714 2190 758 2230 in
779 2189 956 2230 lacinias
987 2190 1248 2243 marginales
1279 2192 1450 2233 demum
1481 2192 1685 2245 oblongas

270 2259 492 2312 producta,
525 2258 632 2299 soris
663 2258 839 2299 minutis
870 2258 1114 2299 rotundatis
1145 2273 1222 2312 per
1251 2264 1387 2301 totam
1419 2260 1685 2314 superficiem

269 2327 442 2380 sparsis.
466 2325 511 2368 J.
542 2325 622 2377 Ay.
664 2325 733 2378 Sp.
764 2340 811 2378 p.
835 2326 926 2365 662.
950 2325 1046 2378 Agsl.
1069 2328 1256 2379 crispum
1281 2329 1408 2369 Kritz.
1441 2330 1522 2370 tab.
1559 2328 1685 2381 Phyc.

280 2395 368 2437 Vol.
404 2394 532 2436 XVI
556 2395 638 2436 tab.
670 2395 734 2435 39.

271 2464 380 2506 Hah.
411 2464 467 2505 ad
497 2463 773 2505 Tasmaniam
804 2466 846 2504 et
875 2462 1038 2505 Novam
1071 2464 1348 2507 Hollandiam
1379 2465 1627 2508 australem.

244 2543 396 2587 Harvey
420 2543 460 2576 in
487 2543 621 2577 ultimo
646 2554 792 2586 quoque
819 2553 933 2587 opere
959 2542 1089 2587 (Phyc.
1118 2548 1236 2578 austr.
1276 2545 1380 2590 Syn.)
1418 2545 1530 2579 dubia
1554 2545 1683 2579 attulit

154 2611 201 2634 an
226 2600 308 2634 haec
334 2600 437 2634 aliud
462 2611 573 2644 quam
599 2599 718 2634 forma
753 2600 926 2643 quaedam
962 2600 1139 2634 australis
1172 2601 1216 2636 N.
1243 2601 1415 2645 punctati
1443 2601 1503 2634 sit.
1553 2601 1683 2635 Colore

155 2660 194 2691 et
219 2657 407 2691 tenuitate
434 2668 517 2690 cum
544 2656 668 2702 specie
695 2656 881 2701 Europaea
906 2656 1060 2702 egregie
1093 2668 1181 2690 sane
1209 2656 1402 2695 convenit:
1439 2656 1568 2690 differt
1593 2668 1681 2691 vero

155 2713 302 2756 stipite⁷
328 2724 427 2747 nunc
453 2716 561 2758 parte
594 2713 875 2747 subincrassata
911 2712 1146 2757 continuato,
1183 2713 1465 2748 ramificationis
1491 2724 1621 2747 norma
1645 2713 1683 2746 in

156 2770 281 2813 specie
306 2770 464 2804 australi
490 2773 549 2804 sat
573 2773 786 2811 constante,
813 2772 852 2804 et
877 2769 972 2804 soris
1003 2771 1121 2805 multo
1155 2770 1377 2814 minoribus,
1402 2769 1511 2803 initio
1537 2769 1683 2813 puncti-

154 2824 352 2871 formibus‚
379 2827 529 2861 demum
554 2827 739 2862 ocellatis.
