1757 3114
108 68 410 122 Nitophyllum.
734 68 892 108 DELEss
901 82 960 108 sai
969 81 1036 108 ΕΜ.
1559 70 1636 109 457

105 182 209 223 fidis3
236 192 335 215 nunc
361 181 543 224 elonyata,
572 180 705 215 fronde
732 181 770 216 in
796 180 952 215 lacinias
984 179 1139 214 latiores
1178 179 1326 213 inferne
1352 179 1516 214 lineares
1543 192 1639 213 mar-

104 239 193 283 gine
220 238 409 281 dentatas,
449 249 612 282 superne
650 250 781 283 parum
820 238 997 272 dilatatas
1037 236 1141 281 apice
1180 237 1404 271 rotundatas
1442 238 1520 271 fere
1559 241 1639 272 tota

105 296 222 329 secta:
248 305 348 328 nunc
374 295 548 336 cribo-osa,
576 295 709 329 fronde
735 298 816 330 tota
840 295 879 328 in
905 294 1061 328 lacinias
1088 294 1269 338 plurimas
1302 293 1535 340 irregulares
1567 294 1638 328 cri-

102 352 233 385 brosas
259 355 298 386 et
324 351 536 395 laciniatas,
565 352 750 397 supremis
779 363 879 395 saepe
906 351 1114 385 linearibus
1134 351 1307 397 angustis
1328 350 1511 391 dissecta;
1539 363 1637 385 nunc

104 411 289 451 truncata,
318 408 451 443 fronde
478 408 625 443 inferne
653 408 929 454 integriuscula
966 420 1129 453 superne
1156 409 1348 453 laciniata,
1387 408 1536 443 laciniis
1563 409 1638 442 late

101 464 309 499 linearibus
337 465 832 500 subtruncato-rotundatis.
869 465 925 498 Ex
953 465 1010 498 his
1038 466 1239 500 nonnullos
1267 466 1432 500 nondum
1458 465 1636 500 soriferos

102 523 193 557 vidi.
242 524 283 557 In
310 524 429 558 forma
454 524 727 569 ἱηΐεῃνίηεσαῐα
752 535 856 558 soros
882 522 1105 557 inchoantes
1133 523 1209 557 vidi
1244 524 1438 569 paulisper
1464 522 1636 557 diversos

101 592 121 615 a
145 581 316 625 reliquis.

101 699 163 739 20.
197 698 245 739 N.
277 713 606 741 MULTIPARTITUM
638 701 796 755 (Hoolc.
827 704 865 742 ct
898 700 1036 743 Harv.
1085 699 1183 753 Aly.
1235 700 1379 741 Tasm.
1402 714 1450 752 p.
1482 699 1529 754 7)
1561 713 1636 738 an-

213 772 340 821 gusta
371 768 536 809 inferne
568 770 809 811 incrassata
840 773 882 811 et
912 769 1086 810 demum
1118 768 1376 815 caulescens,
1410 767 1635 819 decompo-

212 838 290 879 site
323 837 866 891 dichotomo-subpinnata,
899 838 1132 891 segmentis
1164 836 1356 877 cuneatis
1379 835 1637 877 linearibus-

211 920 294 960 que
326 907 574 959 patentibus
606 908 694 948 fere
734 907 789 949 ad
821 908 962 961 apices
1002 906 1319 949 obtusiusculos
1351 909 1477 947 tenue
1510 919 1635 945 veno-

211 974 282 1022 sis,
315 975 423 1016 soris
456 975 497 1015 in
531 976 761 1029 segmentis
794 975 1094 1017 terminalibus
1142 974 1339 1028 pluribus
1387 972 1635 1026 majusculis

212 1042 500 1085 subocellatis.
534 1043 866 1098 Aylaoplefyllum
896 1045 1226 1097 nccdtepartitwn
1251 1044 1379 1085 Kic'te.
1402 1043 1484 1084 tab.
1507 1041 1635 1095 Phyc.

224 1110 310 1152 Vol.
348 1111 475 1153 XIX
503 1113 585 1153 tab.
620 1114 655 1152 7.

212 1179 321 1221 Hab.
353 1179 407 1220 ad
440 1194 537 1221 oras
569 1180 808 1223 Tasmaniae
841 1186 882 1223 et
914 1181 1042 1223 Novae
1074 1180 1319 1222 Hellandiae
1352 1178 1568 1220 australis.

190 1270 342 1315 Species
370 1283 389 1304 a
415 1283 487 1314 me,
514 1273 620 1307 velut
645 1274 691 1307 ab
717 1274 1048 1316 antecedentibus,
1075 1275 1116 1307 ut
1141 1276 1330 1318 putarem,
1358 1283 1489 1316 parum
1523 1271 1634 1304 intel-

98 1327 210 1371 lecta,
237 1339 305 1362 nec
331 1328 443 1363 hodie
482 1329 609 1363 forsan
648 1330 772 1364 dubiis
811 1331 985 1366 liberata.
1036 1331 1078 1364 In
1106 1331 1307 1374 speciebus
1345 1330 1527 1375 Algarum
1567 1330 1635 1363 sub

98 1384 250 1417 numine
277 1385 321 1419 N.
350 1386 596 1430 multipartiti
624 1388 815 1432 specimen
836 1400 855 1421 a
873 1388 1023 1432 [larvey
1042 1388 1129 1422 olim
1158 1388 1287 1422 datum
1307 1387 1508 1431 descripsi,
1536 1386 1634 1430 quod

98 1442 204 1486 lapsu
243 1442 376 1475 calami
416 1443 565 1477 nomine
592 1444 637 1478 N.
665 1445 951 1489 multipunctati
990 1445 1218 1490 inscriptum
1257 1445 1373 1479 fuisse
1401 1444 1505 1478 finxi.
1556 1445 1635 1478 Hoc

98 1510 231 1532 revera
257 1510 277 1531 a
302 1499 345 1533 N.
373 1499 583 1544 pristoideo
610 1501 672 1535 vix
710 1502 841 1545 distat,
880 1503 1115 1547 marginibus
1148 1506 1275 1537 tamen
1301 1502 1424 1537 minus
1452 1502 1633 1537 distincte

98 1556 318 1590 aculeolatis
346 1556 589 1591 instructum.
626 1559 837 1604 Diagnosin
863 1560 1081 1604 primariam
1102 1561 1364 1603 IIarveyanam
1383 1560 1520 1593 iterum
1542 1559 1633 1592 mihi

97 1612 328 1656 perlegenti,
355 1613 393 1646 in
420 1614 489 1647 hac
516 1615 698 1648 nonnulla
723 1616 845 1658 video,
866 1628 947 1659 ‹111ae
969 1628 1015 1650 ex
1035 1617 1219 1658 ejusnmdi
1239 1617 1446 1661 specimine
1465 1619 1636 1650 mutuata

97 1669 286 1703 crederes.
322 1670 427 1713 Quod
447 1675 579 1715 postea
597 1672 698 1706 inter
718 1673 926 1716 specimina
944 1674 1203 1707 Australasica
1224 1673 1422 1707 distribuit
1442 1673 1633 1717 specimen

94 1726 257 1770 Harvey,
285 1727 436 1760 nomine
463 1729 506 1761 N.
534 1729 781 1773 multipartiti
813 1730 1055 1774 inscriptum,
1082 1735 1141 1764 est
1167 1743 1187 1763 a
1212 1731 1256 1765 N.
1284 1730 1494 1775 pristoideo
1520 1730 1633 1774 longe

94 1784 299 1827 diversum,
326 1790 364 1820 et
390 1786 435 1819 ad
461 1786 506 1820 N.
533 1785 655 1820 minus
684 1786 796 1821 Sond.
827 1790 865 1821 et
891 1788 936 1821 N.
964 1787 1070 1821 affine
1097 1788 1273 1832 proprius
1301 1787 1460 1821 accedit.
1511 1787 1553 1820 In
1579 1787 1634 1819 in-

93 1840 230 1875 feriore
257 1845 365 1886 parte
391 1842 494 1877 frons
522 1843 641 1888 magis
680 1845 967 1878 membranacea
1005 1848 1063 1878 est
1100 1845 1201 1889 poris
1235 1845 1362 1890 paucis
1389 1848 1559 1889 pertusa,
1592 1846 1634 1877 ut

92 1897 131 1930 in
150 1898 193 1931 N.
214 1897 338 1935 affine:
365 1911 452 1943 pars
472 1899 644 1943 superior
663 1908 788 1934 autem
807 1900 927 1945 magis
948 1900 1119 1944 linearis,
1137 1901 1346 1946 segmentis
1374 1900 1632 1935 subdivaiica-

94 1954 156 1989 tis.
207 1955 330 1990 Pauca
356 1957 565 2001 specimina
589 1957 698 2001 hujus
726 1958 764 1991 in
792 1959 1017 1993 collectione
1051 1959 1263 2002 Gunniana,
1301 1958 1392 1992 mihi
1419 1958 1548 2001 missa,
1576 1970 1633 1991 re-

94 2024 324 2056 cognoscere
357 2014 523 2055 credidi3
561 2015 665 2048 nulla
701 2026 791 2049 vero
830 2016 924 2050 soris
962 2018 1058 2051 bene
1098 2015 1260 2050 evolutis
1298 2016 1498 2049 instructa.
1547 2014 1633 2048 Alia

94 2080 184 2103 vero
212 2081 229 2103 e
256 2069 387 2104 littore
414 2071 528 2106 Novae
555 2072 770 2106 IIollandiae
799 2072 956 2107 australi
983 2073 1075 2116 vidi,
1102 2084 1184 2116 quae
1203 2072 1439 2107 Tasmanicis
1465 2071 1633 2106 identica

93 2124 183 2158 mihi
213 2125 402 2161 videntur.
452 2128 493 2161 In
520 2128 579 2162 his
613 2141 716 2164 soros
749 2130 976 2174 majusculos
1010 2131 1125 2174 (nunc
1152 2129 1425 2174 punctiformes
1452 2129 1632 2171 minutos,

94 2185 135 2216 ut
160 2182 270 2217 habet
300 2183 468 2229 Harvey)
496 2185 589 2228 vidi,
615 2185 654 2219 in
674 2186 884 2231 segmentis
906 2185 1165 2230 superioribus
1186 2187 1314 2230 plures
1335 2185 1630 2230 adproximatos.

95 2239 131 2274 Si
157 2240 202 2275 N.
231 2240 354 2275 minus
383 2241 477 2275 soris
498 2242 679 2277 solitariis
699 2243 930 2278 instructum
950 2246 1022 2287 est,
1041 2244 1111 2278 hoc
1131 2244 1351 2277 charactere
1371 2242 1629 2288 dignoscatur.

95 2369 158 2409 21.
193 2369 241 2410 N.
274 2383 547 2411 PARVIFOLIUM
580 2371 648 2425 (J.
680 2371 760 2424 Agl.
792 2374 938 2426 mser.)
971 2376 1155 2425 angusta
1185 2371 1349 2412 inferne
1371 2370 1629 2420 caulescens,

207 2437 329 2479 caule
360 2438 600 2480 incrassato
632 2440 958 2493 subsquamoso,
992 2439 1143 2481 fronde
1184 2453 1316 2492 supra
1354 2452 1498 2480 ramos
1530 2452 1630 2479 cau-

208 2506 318 2547 linos
364 2511 551 2548 costatos
596 2508 888 2562 maximopere
945 2509 1237 2561 decomposita
1282 2508 1629 2566 subcorymbosa,

210 2575 441 2628 segmentis
472 2576 649 2617 minutis
682 2576 1013 2618 subdivarieatis
1045 2576 1282 2618 linearibus
1305 2577 1499 2629 margine
1522 2576 1628 2617 inte-

207 2643 407 2695 gerrimis
440 2657 611 2684 sursum
641 2644 811 2697 longius
849 2645 1027 2691 venosis7
1062 2645 1170 2685 soris
1201 2645 1244 2685 in
1276 2644 1507 2697 segmentis
1543 2650 1628 2685 ter-

205 2711 438 2753 minalibus
470 2712 667 2764 pluribus
698 2714 946 2766 majusculis
979 2713 1265 2755 subocellatis.

208 2791 318 2835 Hab.
349 2792 406 2833 ad
436 2792 540 2834 Port
578 2789 736 2848 Phillip
776 2794 903 2835 Novae
936 2793 1176 2835 Hollandiae
1214 2793 1282 2849 (F.
1314 2794 1364 2835 de
1397 2793 1627 2849 Mueller!)‚
