1757 3114
80 135 223 180 Pikea.
532 123 537 127 .
674 137 999 179 DUMONTIACEAE.
1523 138 1604 179 253

75 251 243 292 Genera
288 250 462 303 quidem
511 250 717 292 distincta
761 252 859 302 vidi,
893 255 938 292 at
968 252 1012 292 ni
1044 251 1171 292 fallor
1203 252 1410 305 proxima.
1471 251 1606 293 Pikea

74 318 224 370 fronde
255 318 441 371 ancipite
474 321 515 359 et
545 319 858 361 ramificatione
897 319 1079 360 distiche
1117 320 1297 372 pinnata
1328 334 1354 361 a
1385 318 1605 374 Cryptosi-

75 386 241 440 phoniae
275 386 500 439 speciebus
533 388 823 429 teretiusculis
869 402 1216 441 quoquoversum
1262 389 1444 430 ramosis
1483 388 1607 430 facile

78 455 368 508 dignoscatur.
429 456 479 496 In
511 454 873 510 Cryptosiphonia
902 456 1021 497 frons
1053 457 1267 506 tubulosa5
1315 458 1447 499 ramis
1493 458 1609 498 intra

32 520 35 523 ’
75 524 226 566 tubum
258 525 312 566 ab
345 525 449 566 axili
496 525 675 578 siphone
721 526 1072 579 provenientibus
1118 526 1256 568 laxius
1295 527 1531 580 dispositis;
1564 527 1607 567 in

74 593 204 634 Pikea
234 592 352 634 frons
384 594 438 635 ab
472 594 593 635 initio
625 594 715 635 fere
747 594 897 641 farcta,
937 593 1019 634 filis
1050 593 1425 648 longitudinaliter
1455 609 1606 637 excur-

73 661 266 702 rentibus
313 661 535 714 siphonem
582 663 739 704 axilein
784 663 914 704 dense
960 663 1302 706 investientibus.
1363 664 1411 705 In
1456 664 1607 705 fronde

75 730 286 771 adultiore
319 728 693 784 Cryptt‘ffiiphoniae
726 731 799 772 fila
832 731 1207 785 longitudinaliter
1246 734 1520 774 excurrentia
1551 733 1607 773 si-

74 798 256 851 phonem
305 799 462 840 axilein
509 800 717 847 ambiunt,
766 804 810 841 at
848 801 1055 853 pauciora
1093 814 1170 841 nec
1201 800 1400 842 frondem
1432 802 1607 854 proprie

73 866 255 908 farctam
288 867 493 919 reddunt3
526 869 569 909 in
601 869 733 910 Pikea
765 869 965 922 siphones
1005 869 1139 911 axiles
1172 869 1226 910 ad
1266 870 1421 923 pinnas
1452 871 1607 923 pinnu-

73 935 222 989 lasque
254 941 530 978 excurrentes
563 938 670 978 serie
717 938 844 979 unica
888 938 1001 978 inter
1046 938 1262 991 margines
1294 938 1459 979 frondis
1491 939 1607 979 anci-

74 1005 175 1058 pitis
207 1005 401 1058 dispositi
435 1006 660 1058 adparent„
694 1007 879 1048 sectione
911 1006 1026 1047 facta
1048 1007 1346 1058 transversali3
1379 1007 1609 1048 intervalla

75 1074 215 1115 omnia
245 1073 330 1115 filis
364 1074 635 1116 tenuioribus
667 1074 817 1116 farcta.
878 1074 1050 1116 Ramuli
1096 1076 1365 1129 cystocarpia
1410 1080 1608 1129 gerentes

73 1142 115 1183 in
147 1141 508 1196 Cryptosiphonia
538 1143 741 1191 tubulosi,
774 1144 817 1184 in
848 1143 980 1184 Pikea
1012 1143 1158 1191 farcti3
1191 1144 1289 1185 hinc
1312 1144 1452 1185 nuclei
1474 1144 1606 1200 Cryp-

73 1211 326 1264 tosiphoniae
359 1212 414 1252 ad
446 1212 636 1253 ramulos
667 1211 931 1253 verticaliter
963 1213 1080 1253 intra
1112 1213 1264 1254 tubum
1295 1218 1499 1255 exeuntes
1532 1214 1607 1255 ad-

73 1279 144 1321 fixi
175 1280 387 1327 videntur,
421 1281 522 1321 dum
555 1281 599 1321 in
630 1281 764 1322 Pikea
795 1282 919 1334 quasi
951 1282 994 1322 in
1026 1282 1188 1336 cryptis
1212 1285 1351 1335 (extra
1373 1281 1447 1323 fila
1468 1283 1607 1337 longi-

73 1349 306 1404 tudinalia)
338 1349 451 1390 inter
481 1349 557 1390 fila
588 1350 716 1390 strati
736 1350 998 1403 peripherici
1020 1351 1238 1391 interioris
1261 1351 1507 1392 nidulantes
1530 1351 1607 1392 ad-

72 1422 237 1471 parent.
298 1417 448 1459 Nuclei
480 1419 561 1471 ipsi
593 1420 636 1459 in
669 1418 1031 1473 Cryptosiphonia
1063 1419 1338 1472 paucioribus
1371 1424 1413 1461 et
1434 1420 1607 1474 majori-

71 1487 150 1528 bus
181 1486 422 1540 gemniidiis
455 1487 694 1539 compositi3
727 1487 769 1527 in
802 1487 934 1528 Pikea
965 1488 1332 1530 numerosioribus
1354 1489 1607 1542 gemmidiis,

71 1554 236 1597 lobulos
269 1568 614 1609 quoquoversum
647 1555 868 1596 radiantes
899 1555 1198 1608 formantibus,
1231 1558 1566 1598 constituuntur.

183 1625 243 1666 De
276 1625 484 1666 affinitate
516 1624 658 1666 Pikeae
691 1639 786 1665 cum
818 1625 1088 1666 Durnontieis
1110 1626 1179 1667 vix
1202 1625 1501 1676 dubitandum,
1524 1626 1608 1667 filis

71 1693 393 1746 gemmidiiferis
425 1692 514 1734 fere
547 1693 879 1734 vermiformiter
925 1694 1125 1742 curvatis„
1172 1694 1532 1736 moniliformibus
1565 1698 1606 1735 et

71 1763 262 1804 articulis
295 1763 555 1804 brevissimis
587 1763 898 1815 constantibus,
931 1764 974 1804 in
1006 1764 1140 1805 Pikea
1171 1763 1289 1805 velut
1319 1765 1362 1805 in
1385 1763 1605 1818 Cryptosi-

70 1830 228 1883 plionia
259 1845 380 1884 aeque
415 1831 712 1884 praesentibus.
774 1830 958 1873 Habitus
1005 1835 1181 1873 externa
1228 1832 1464 1874 similitudo
1509 1847 1606 1873 cum

71 1899 293 1952 speciebus
324 1899 584 1953 quibusdam
615 1900 785 1941 Ptilotae
818 1899 954 1941 adest.

74 1993 109 2032 1.
138 1992 229 2034 Pm.
262 2005 531 2034 CALIFORNICA
564 1991 725 2047 (Hccrv.
762 1992 863 2033 Ner.
898 1992 1004 2034 Bor.
1037 1992 1135 2034 Am.
1149 2007 1196 2045 p.
1221 1994 1323 2049 246)
1345 1993 1498 2035 fronde
1529 2008 1604 2035 an-

183 2062 310 2115 cipite
342 2061 524 2102 distiche
555 2061 767 2114 pinnatim
798 2061 1104 2114 decomposita,
1127 2062 1267 2115 pinnis
1291 2076 1316 2102 a
1337 2063 1605 2116 marginibus

183 2125 451 2179 exeuntibus,
485 2143 595 2171 nunc
627 2128 695 2170 hic
727 2129 814 2170 illic
858 2130 1114 2179 secundatis,
1148 2131 1410 2183 patentibus,
1443 2132 1605 2172 ultiniis

182 2196 456 2239 filii'orinibus
488 2201 564 2238 aut
595 2197 822 2239 subulatis.
859 2197 996 2239 Harv.
1019 2198 1043 2239 l.
1066 2213 1098 2239 c.
1133 2198 1223 2239 Vol.
1246 2199 1338 2241 III
1358 2200 1439 2241 (ab.
1472 2201 1523 2241 49
1547 2200 1604 2242 B.

183 2266 293 2308 Hab.
315 2266 370 2307 ad
393 2280 490 2307 oras
513 2264 772 2307 Californiae.
806 2264 984 2319 Specini.
1007 2267 1061 2308 ab
1086 2267 1352 2309 Andersonio
1373 2267 1484 2309 lecta
1506 2268 1604 2309 vidi.

68 2421 180 2472 1111}-
217 2425 237 2471 ⁸?
259 2425 597 2474 NIZZOPHLAEA
633 2430 679 2475 J.
711 2434 793 2487 Ay..
834 2448 955 2476 wesscr.
998 2432 1269 2487 Dasysphloea
1301 2435 1439 2477 Harv.
1476 2434 1604 2487 Phyle.

183 2508 317 2545 (castr.
349 2504 432 2545 tab.
468 2505 546 2544 115
579 2506 683 2555 (non
714 2503 948 2556 Montaync
960 2502 1016 2558 ἓ).

74 2593 209 2636 Frons
240 2596 868 2648 gelatinoso-subcartilaginea
898 2595 1177 2637 teretiuscula
1198 2609 1383 2646 ramosa,
1405 2595 1604 2637 brevissi-

184 2664 262 2704 mis
294 2662 394 2716 pilis
425 2663 609 2716 hyalinis
641 2664 794 2715 obsita,
819 2664 1118 2713 subtubulosa,
1142 2663 1225 2704 filis
1249 2663 1491 2705 articulatis
1512 2668 1604 2705 tota

185 2732 435 2773 constituta:
471 2731 574 2773 axili
605 2732 783 2785 siphone
815 2732 897 2773 filis
928 2732 1199 2773 tenuioribus
1230 2732 1605 2785 longitudinaliter

185 2800 513 2841 excurrentibus
544 2800 694 2849 cincto„
727 2814 870 2842 ramos
892 2799 1236 2841 subverticaliter
1264 2803 1467 2841 exeuntes
1489 2801 1605 2842 intra

183 2868 337 2909 tubum
385 2867 549 2908 frondis
594 2869 843 2922 sparsiores,
898 2868 1190 2921 peripheriam
1238 2882 1384 2909 versus
1430 2868 1603 2910 densius
