1757 3114
177 94 256 134 478
767 93 1070 134 DnLnssnizmAE.
1205 125 1216 133 ,
1439 94 1697 137 Delesseria.

174 204 273 246 lulae
304 206 500 260 majores,
534 219 627 258 quae
659 204 839 259 simplici
870 205 978 246 serie
1009 205 1224 259 dispositae
1254 207 1556 249 intermedium
1587 210 1696 249 stra-

174 277 266 314 tum
297 278 346 315 ut
376 274 419 314 in
450 273 614 314 caeteris
645 273 843 323 efficiunt,
875 273 1107 325 cinguntur
1128 274 1340 328 adparatu
1361 277 1585 328 minorum,
1606 275 1696 318 fere

174 346 222 383 ut
251 343 295 383 in
327 340 657 395 Callophyllide3
688 342 732 383 in
764 341 823 383 D.
855 341 1055 392 Hoolcem',
1086 355 1179 395 quae
1212 343 1266 383 ad
1297 344 1410 385 idem
1441 357 1573 396 genus
1598 358 1693 397 per-

171 412 340 462 tineret,
373 411 441 452 hic
477 410 714 464 adparatus
758 411 827 453 vix
872 410 1137 463 conspicuus,
1183 425 1260 452 nec
1302 412 1347 453 in
1378 411 1438 454 D.
1469 413 1694 455 imbricata

172 480 405 522 admodum
436 481 651 522 notabilis.
711 481 761 522 In
783 481 994 522 exsiccata
1024 480 1188 521 cellulae
1217 481 1480 523 intermediae
1511 482 1693 536 majores

172 548 484 590 translucentes
516 549 706 590 seriebus
752 549 923 602 oblique
969 548 1326 590 adscendentibus
1371 550 1586 604 dispositae
1618 551 1693 591 ad-

171 620 334 669 parent.
377 616 529 670 Phylla
560 616 938 670 sphaerosporifera
968 616 1011 656 in
1041 619 1093 657 D.
1117 617 1335 671 core‘ifolia
1363 632 1438 659 nec
1460 618 1692 659 admodum

170 698 196 725 a
226 685 390 726 caeteris
421 684 607 726 diversa:
639 685 797 738 pagina
826 684 961 726 folioli
1005 688 1172 726 constat
1216 684 1381 726 cellulis
1426 687 1690 740 praegnanti—

170 753 260 806 bus,
292 753 452 806 duplici
489 754 597 795 serie
627 753 856 807 dispositis,
889 766 983 806 quae
1015 752 1281 794 intermediis
1319 753 1495 804 cellulis,
1526 754 1592 796 his
1623 755 1686 796 lo-

168 821 228 862 cis
274 822 607 876 angustioribus,
654 825 920 875 separantur,
967 824 1009 862 et
1039 821 1312 863 corticalibus
1352 825 1593 864 extrorsum
1625 827 1687 864 te-

167 893 339 942 guntur.
400 888 575 931 Cellulae
606 893 890 944 praegnantes,
922 903 943 930 e
966 890 1137 943 regione
1168 890 1332 943 positae,
1363 890 1684 944 sphaerosporas

165 956 381 1011 triangule
413 957 570 999 divisas
601 959 830 999 continent.
872 957 1070 999 Coccidia
1099 958 1143 998 in
1174 957 1248 999 Ch.
1279 959 1508 1000 imbricata
1539 960 1685 1001 obser-

164 1027 270 1067 vavi.
332 1025 508 1067 Tectum
538 1026 768 1079 pericarpii
799 1026 1110 1079 hemisphaerici
1148 1040 1279 1080 supra
1315 1027 1517 1081 paginam
1548 1028 1686 1069 eleva-

164 1098 235 1136 tur
266 1098 308 1136 et
337 1095 536 1148 pluribus
576 1095 763 1137 seriebus
809 1095 1061 1137 cellularum
1107 1099 1295 1147 constat3
1338 1095 1434 1149 ipsa
1476 1095 1685 1149 placenta,

163 1154 305 1204 Colore
336 1167 384 1204 ut
416 1177 528 1217 saepe
560 1164 725 1205 obtinet
754 1163 843 1205 fere
886 1163 1111 1215 lutescens,
1151 1163 1305 1204 cellula
1342 1163 1481 1206 basali
1518 1178 1687 1206 ramosa

161 1233 450 1284 constituitur,
502 1232 667 1274 inferne
712 1233 840 1287 plexu
885 1233 1312 1275 subanastomosante
1358 1233 1531 1285 adnata,
1563 1235 1686 1288 quasi

161 1300 357 1354 stipitata
386 1305 429 1342 et
457 1300 674 1354 depressa,
707 1315 876 1343 sursum
906 1301 949 1342 in
979 1315 1121 1343 ramos
1153 1301 1306 1353 divisa,
1337 1302 1447 1342 rami
1476 1301 1565 1343 fere
1595 1302 1685 1344 fru-

159 1368 342 1410 ticulum
373 1369 620 1412 Griffithsiae
652 1370 873 1424 cujusdam
904 1369 1113 1421 referant3
1152 1369 1226 1411 fila
1255 1370 1565 1424 gemmidiifera
1594 1385 1684 1413 mo-

159 1437 391 1479 niliformia
420 1438 601 1480 invicem
631 1438 781 1489 libera,
813 1439 858 1479 in
887 1439 1081 1480 articulis
1117 1438 1417 1481 terminalibus
1454 1440 1683 1493 gemmidia

158 1508 408 1551 evolventia.
468 1508 517 1549 In
554 1507 765 1550 fructibus
810 1509 957 1562 itaque
1002 1508 1072 1550 vix
1116 1508 1205 1550 ulla
1234 1521 1260 1549 a
1290 1507 1541 1549 Delesseriis
1586 1507 1681 1550 aliis

157 1575 421 1628 differentia,
454 1590 548 1631 quae
579 1576 701 1618 adest
745 1577 788 1617 in
820 1581 1038 1619 structura
1076 1576 1240 1618 frondis
1271 1576 1339 1618 vix
1369 1576 1430 1617 ita
1459 1577 1680 1630 speciebus

156 1644 355 1697 pluribus
386 1648 600 1697 constans,
631 1648 680 1686 ut
711 1644 872 1698 species
902 1644 980 1686 has
1011 1658 1037 1686 a
1057 1644 1236 1699 reliquis
1257 1648 1357 1700 typo
1379 1644 1567 1687 diversas
1589 1658 1678 1687 cre-

156 1711 257 1753 dere
287 1712 428 1754 liceat.

266 1781 316 1822 In
347 1779 543 1834 plurimis
575 1780 797 1834 speciebus
828 1784 946 1822 costa
975 1781 1098 1823 adest
1128 1781 1315 1834 propria,
1346 1780 1531 1822 mediam
1561 1780 1676 1823 fron-

155 1849 250 1890 dem
296 1862 566 1902 percurrens,
613 1852 832 1890 structura
862 1863 888 1890 a
917 1849 1248 1903 parenchymate
1294 1849 1474 1890 diversa.
1532 1849 1581 1890 In
1624 1850 1676 1892 iis

154 1917 385 1970 speciebus,
419 1931 603 1970 quarum
634 1921 753 1958 costa
784 1931 967 1971 superne
998 1917 1093 1971 plus
1124 1918 1264 1958 minns
1296 1917 1485 1958 obsoleta
1516 1922 1558 1959 et
1579 1931 1674 1959 eva-

152 1998 341 2035 nescens,
373 1984 538 2026 cellulae
570 1985 752 2026 costales
782 1989 925 2026 tamen
957 1985 1111 2038 saepius
1142 1985 1298 2026 adsunt
1329 1999 1464 2038 usque
1495 1985 1550 2026 ad
1581 1986 1672 2038 api-

151 2067 242 2095 cem
287 2054 545 2095 continuatae
591 2053 873 2107 (Hemineura
915 2053 1156 2107 frondosa);
1187 2053 1232 2094 in
1263 2053 1328 2094 his
1359 2053 1578 2106 speciebus
1608 2057 1671 2096 to-

151 2124 243 2162 tum
273 2122 584 2162 incrementum
615 2121 780 2162 frondis
811 2120 1123 2174 longitudinale
1154 2121 1209 2162 ab
1240 2121 1485 2163 evolutione
1508 2126 1550 2163 et
1571 2122 1670 2164 sub-

151 2189 356 2230 divisione
400 2188 554 2230 harum
599 2188 852 2229 cellularum
897 2188 1082 2241 pendere
1127 2188 1309 2230 videtur.
1368 2189 1419 2230 In
1449 2189 1544 2231 aliis
1575 2203 1670 2243 spe-

151 2258 295 2300 ciebus
327 2257 397 2312 (D.
431 2257 675 2298 dichotoma
705 2261 747 2298 et
778 2256 865 2311 aff.)
896 2270 1033 2310 neque
1065 2256 1218 2298 cellula
1257 2258 1495 2299 terminalis
1534 2257 1667 2309 adest,

149 2340 287 2380 neque
319 2329 438 2367 costa
467 2338 603 2379 usque
634 2325 689 2366 ad
720 2325 885 2378 apicem
929 2325 1189 2375 continuata,
1236 2325 1310 2366 sed
1346 2325 1510 2367 cellulae
1541 2326 1668 2367 corti-

149 2394 262 2435 cales
302 2394 545 2446 superiores
576 2407 720 2434 omnes
755 2392 1006 2442 consimiles,
1031 2392 1135 2433 etin
1166 2406 1367 2446 suprema
1395 2397 1518 2446 parte
1548 2393 1668 2435 nulla

149 2462 320 2504 omnino
352 2462 511 2503 adsunt
542 2465 668 2503 costae
700 2461 869 2502 indicia.
930 2460 1047 2501 Infra
1093 2462 1256 2514 apicem
1301 2475 1455 2514 parum
1499 2462 1665 2515 conspi-

147 2544 277 2571 cuum
307 2530 471 2571 cellulae
505 2530 748 2583 superiores
778 2529 866 2570 fere
904 2527 1156 2570 flabellatim
1186 2529 1413 2582 dispositae.
1472 2529 1571 2580 Ubi,
1601 2529 1664 2570 di-

147 2599 306 2640 visione
337 2598 503 2640 frondis
533 2612 670 2652 nuper
700 2601 887 2651 peracta,
919 2601 1139 2651 segmenta
1174 2598 1311 2650 magis
1341 2597 1559 2651 apiculata
1588 2598 1663 2639 ad-

147 2670 258 2717 sunt,
305 2666 460 2707 cellula
506 2666 743 2707 terminalis
787 2665 963 2719 propria
1008 2665 1075 2706 vix
1120 2665 1420 2719 conspiciatur.
1494 2665 1662 2719 Species

146 2736 355 2789 ejusmodi
400 2739 621 2778 structura
657 2736 845 2790 insignes
876 2735 1023 2777 forsan
1054 2749 1175 2789 aequo
1200 2736 1297 2790 jure
1328 2735 1383 2777 ad
1414 2734 1662 2789 Nitophylla

146 2803 381 2845 transferre
411 2804 571 2845 liceret.
