<?xml version="1.0" encoding="UTF-8"?>
<!DOCTYPE html PUBLIC "-//W3C//DTD XHTML 1.0 Transitional//EN"
    "http://www.w3.org/TR/xhtml1/DTD/xhtml1-transitional.dtd">
<html xmlns="http://www.w3.org/1999/xhtml" xml:lang="en" lang="en">
 <head>
  <title>
</title>
<meta http-equiv="Content-Type" content="text/html;charset=utf-8" />
  <meta name='ocr-system' content='tesseract 3.04.00' />
  <meta name='ocr-capabilities' content='ocr_page ocr_carea ocr_par ocr_line ocrx_word'/>
</head>
<body>
  <div class='ocr_page' id='page_1' title='image "./speciesgeneraeto0301agar_0266.png"; bbox 0 0 1757 3114; ppageno 0'>
   <div class='ocr_carea' id='block_1_1' title="bbox 113 106 1036 148">
    <p class='ocr_par' dir='ltr' id='par_1_1' title="bbox 113 106 1036 148">
     <span class='ocr_line' id='line_1_1' title="bbox 113 106 1036 148; baseline -0.004 0"><span class='ocrx_word' id='word_1_1' title='bbox 113 107 196 148; x_wconf 80' lang='lat'>250</span> <span class='ocrx_word' id='word_1_2' title='bbox 712 106 1036 147; x_wconf 77' lang='lat' dir='ltr'><strong>DUMONTIACEAE.</strong></span> 
     </span>
    </p>
   </div>
   <div class='ocr_carea' id='block_1_2' title="bbox 114 216 1659 1649">
    <p class='ocr_par' dir='ltr' id='par_1_2' title="bbox 114 216 1648 405">
     <span class='ocr_line' id='line_1_2' title="bbox 114 216 1648 271; baseline -0.005 -10"><span class='ocrx_word' id='word_1_3' title='bbox 114 220 285 261; x_wconf 89' lang='lat' dir='ltr'>demum</span> <span class='ocrx_word' id='word_1_4' title='bbox 316 221 360 260; x_wconf 92' lang='lat' dir='ltr'>in</span> <span class='ocrx_word' id='word_1_5' title='bbox 391 219 591 261; x_wconf 78' lang='lat' dir='ltr'>nucleum</span> <span class='ocrx_word' id='word_1_6' title='bbox 628 219 925 267; x_wconf 77' lang='lat' dir='ltr'>rotundatum,</span> <span class='ocrx_word' id='word_1_7' title='bbox 973 217 1206 271; x_wconf 81' lang='lat' dir='ltr'>gemmidia</span> <span class='ocrx_word' id='word_1_8' title='bbox 1250 216 1456 269; x_wconf 79' lang='lat' dir='ltr'>pauciora</span> <span class='ocrx_word' id='word_1_9' title='bbox 1498 218 1648 255; x_wconf 86' lang='lat' dir='ltr'>rotun-</span> 
     </span>
     <span class='ocr_line' id='line_1_3' title="bbox 114 283 1648 342; baseline -0.003 -14"><span class='ocrx_word' id='word_1_10' title='bbox 114 288 449 342; x_wconf 83' lang='lat' dir='ltr'>dato-angulata</span> <span class='ocrx_word' id='word_1_11' title='bbox 480 288 734 342; x_wconf 67' lang='lat' dir='ltr'>majuscula,</span> <span class='ocrx_word' id='word_1_12' title='bbox 768 288 858 328; x_wconf 86' lang='lat' dir='ltr'>sine</span> <span class='ocrx_word' id='word_1_13' title='bbox 904 285 1055 327; x_wconf 86' lang='lat' dir='ltr'>ordine</span> <span class='ocrx_word' id='word_1_14' title='bbox 1101 285 1331 338; x_wconf 88' lang='lat' dir='ltr'>conspicuo</span> <span class='ocrx_word' id='word_1_15' title='bbox 1377 283 1648 337; x_wconf 77' lang='lat' dir='ltr'>conglobata,</span> 
     </span>
     <span class='ocr_line' id='line_1_4' title="bbox 114 356 1106 405; baseline -0.003 -7"><span class='ocrx_word' id='word_1_16' title='bbox 114 372 236 400; x_wconf 88' lang='lat' dir='ltr'>muco</span> <span class='ocrx_word' id='word_1_17' title='bbox 269 358 459 399; x_wconf 81' lang='lat' dir='ltr'>cohibita</span> <span class='ocrx_word' id='word_1_18' title='bbox 490 357 717 405; x_wconf 71' lang='lat' dir='ltr'>foventem,</span> <span class='ocrx_word' id='word_1_19' title='bbox 749 356 1106 398; x_wconf 75' lang='lat' dir='ltr'>coalescentibus.</span> 
     </span>
    </p>

    <p class='ocr_par' dir='ltr' id='par_1_3' title="bbox 114 422 1659 1649">
     <span class='ocr_line' id='line_1_5' title="bbox 228 422 1651 480; baseline -0.004 -13"><span class='ocrx_word' id='word_1_20' title='bbox 228 426 321 467; x_wconf 86' lang='lat' dir='ltr'>Fila</span> <span class='ocrx_word' id='word_1_21' title='bbox 350 426 619 477; x_wconf 70' lang='lat' dir='ltr'>fasciculata,</span> <span class='ocrx_word' id='word_1_22' title='bbox 653 439 837 480; x_wconf 85' lang='lat' dir='ltr'>quorum</span> <span class='ocrx_word' id='word_1_23' title='bbox 858 426 902 466; x_wconf 86' lang='lat' dir='ltr'>in</span> <span class='ocrx_word' id='word_1_24' title='bbox 924 423 1120 466; x_wconf 72' lang='lat' dir='ltr'>articulis</span> <span class='ocrx_word' id='word_1_25' title='bbox 1142 423 1374 478; x_wconf 78' lang='lat' dir='ltr'>gemmidia</span> <span class='ocrx_word' id='word_1_26' title='bbox 1394 422 1651 472; x_wconf 78' lang='lat' dir='ltr'>formantur,</span> 
     </span>
     <span class='ocr_line' id='line_1_6' title="bbox 114 490 1652 548; baseline -0.003 -12"><span class='ocrx_word' id='word_1_27' title='bbox 114 495 157 536; x_wconf 87' lang='lat' dir='ltr'>in</span> <span class='ocrx_word' id='word_1_28' title='bbox 177 495 447 536; x_wconf 85' lang='lat' dir='ltr'>Dumontieis</span> <span class='ocrx_word' id='word_1_29' title='bbox 464 495 696 548; x_wconf 84' lang='lat' dir='ltr'>peculiaris</span> <span class='ocrx_word' id='word_1_30' title='bbox 714 495 870 536; x_wconf 86' lang='lat' dir='ltr'>indolis</span> <span class='ocrx_word' id='word_1_31' title='bbox 888 494 993 534; x_wconf 89' lang='lat' dir='ltr'>mihi</span> <span class='ocrx_word' id='word_1_32' title='bbox 1012 493 1321 546; x_wconf 86' lang='lat' dir='ltr'>adparuerunt.</span> <span class='ocrx_word' id='word_1_33' title='bbox 1344 490 1554 533; x_wconf 85' lang='lat' dir='ltr'>Constant</span> <span class='ocrx_word' id='word_1_34' title='bbox 1569 490 1652 532; x_wconf 89' lang='lat' dir='ltr'>filis</span> 
     </span>
     <span class='ocr_line' id='line_1_7' title="bbox 115 559 1647 613; baseline -0.003 -9"><span class='ocrx_word' id='word_1_35' title='bbox 115 563 478 605; x_wconf 86' lang='lat' dir='ltr'>moniliformibus</span> <span class='ocrx_word' id='word_1_36' title='bbox 500 564 751 605; x_wconf 87' lang='lat' dir='ltr'>brevissime</span> <span class='ocrx_word' id='word_1_37' title='bbox 775 563 1032 613; x_wconf 57' lang='lat' dir='ltr'>articulatis7</span> <span class='ocrx_word' id='word_1_38' title='bbox 1055 562 1250 602; x_wconf 83' lang='lat' dir='ltr'>articulis</span> <span class='ocrx_word' id='word_1_39' title='bbox 1279 561 1490 602; x_wconf 86' lang='lat' dir='ltr'>diametro</span> <span class='ocrx_word' id='word_1_40' title='bbox 1513 559 1647 607; x_wconf 66' lang='lat' dir='ltr'>brevi:</span> 
     </span>
     <span class='ocr_line' id='line_1_8' title="bbox 116 628 1654 685; baseline -0.003 -12"><span class='ocrx_word' id='word_1_41' title='bbox 116 633 276 681; x_wconf 75' lang='lat' dir='ltr'>oribus,</span> <span class='ocrx_word' id='word_1_42' title='bbox 310 646 421 685; x_wconf 80' lang='lat' dir='ltr'>saepe</span> <span class='ocrx_word' id='word_1_43' title='bbox 453 633 642 674; x_wconf 87' lang='lat' dir='ltr'>curvatis</span> <span class='ocrx_word' id='word_1_44' title='bbox 674 632 764 673; x_wconf 87' lang='lat' dir='ltr'>fere</span> <span class='ocrx_word' id='word_1_45' title='bbox 803 630 1167 681; x_wconf 71' lang='lat' dir='ltr'>vermiformibus,</span> <span class='ocrx_word' id='word_1_46' title='bbox 1200 628 1546 682; x_wconf 85' lang='lat' dir='ltr'>simpliciusculis</span> <span class='ocrx_word' id='word_1_47' title='bbox 1579 631 1654 668; x_wconf 83' lang='lat' dir='ltr'>aut</span> 
     </span>
     <span class='ocr_line' id='line_1_9' title="bbox 115 691 1652 754; baseline -0.003 -13"><span class='ocrx_word' id='word_1_48' title='bbox 115 714 267 753; x_wconf 84' lang='lat' dir='ltr'>parum</span> <span class='ocrx_word' id='word_1_49' title='bbox 293 700 490 742; x_wconf 79' lang='lat' dir='ltr'>ramosis.</span> <span class='ocrx_word' id='word_1_50' title='bbox 528 700 754 754; x_wconf 84' lang='lat' dir='ltr'>Ejusmodi</span> <span class='ocrx_word' id='word_1_51' title='bbox 777 700 898 741; x_wconf 87' lang='lat' dir='ltr'>filum</span> <span class='ocrx_word' id='word_1_52' title='bbox 919 699 1037 740; x_wconf 86' lang='lat' dir='ltr'>intra</span> <span class='ocrx_word' id='word_1_53' title='bbox 1058 697 1292 739; x_wconf 87' lang='lat' dir='ltr'>articulum</span> <span class='ocrx_word' id='word_1_54' title='bbox 1323 691 1495 738; x_wconf 87' lang='lat' dir='ltr'>filorum</span> <span class='ocrx_word' id='word_1_55' title='bbox 1528 695 1652 737; x_wconf 88' lang='lat' dir='ltr'>steri-</span> 
     </span>
     <span class='ocr_line' id='line_1_10' title="bbox 115 765 1653 817; baseline -0.003 -7"><span class='ocrx_word' id='word_1_56' title='bbox 115 769 221 810; x_wconf 84' lang='lat' dir='ltr'>lium</span> <span class='ocrx_word' id='word_1_57' title='bbox 253 770 380 810; x_wconf 87' lang='lat' dir='ltr'>strati</span> <span class='ocrx_word' id='word_1_58' title='bbox 417 770 636 811; x_wconf 84' lang='lat' dir='ltr'>interioris</span> <span class='ocrx_word' id='word_1_59' title='bbox 667 769 833 811; x_wconf 82' lang='lat' dir='ltr'>frondis</span> <span class='ocrx_word' id='word_1_60' title='bbox 866 769 1100 810; x_wconf 88' lang='lat' dir='ltr'>formatum</span> <span class='ocrx_word' id='word_1_61' title='bbox 1139 767 1284 808; x_wconf 87' lang='lat' dir='ltr'>videre</span> <span class='ocrx_word' id='word_1_62' title='bbox 1331 766 1514 817; x_wconf 82' lang='lat' dir='ltr'>credidi3</span> <span class='ocrx_word' id='word_1_63' title='bbox 1563 765 1653 806; x_wconf 91' lang='lat' dir='ltr'>dia-</span> 
     </span>
     <span class='ocr_line' id='line_1_11' title="bbox 116 834 1654 892; baseline -0.003 -14"><span class='ocrx_word' id='word_1_64' title='bbox 116 838 450 892; x_wconf 81' lang='lat' dir='ltr'>phragmatibus</span> <span class='ocrx_word' id='word_1_65' title='bbox 472 838 839 880; x_wconf 88' lang='lat' dir='ltr'>transversalibus</span> <span class='ocrx_word' id='word_1_66' title='bbox 862 837 1104 878; x_wconf 84' lang='lat' dir='ltr'>numerosis</span> <span class='ocrx_word' id='word_1_67' title='bbox 1128 835 1255 877; x_wconf 88' lang='lat' dir='ltr'>simul</span> <span class='ocrx_word' id='word_1_68' title='bbox 1273 834 1563 877; x_wconf 84' lang='lat' dir='ltr'>subdividitur</span> <span class='ocrx_word' id='word_1_69' title='bbox 1585 848 1654 874; x_wconf 92' lang='lat' dir='ltr'>ar-</span> 
     </span>
     <span class='ocr_line' id='line_1_12' title="bbox 117 902 1656 960; baseline -0.003 -14"><span class='ocrx_word' id='word_1_70' title='bbox 117 906 276 948; x_wconf 90' lang='lat' dir='ltr'>ticulus</span> <span class='ocrx_word' id='word_1_71' title='bbox 298 920 542 960; x_wconf 68' lang='lat' dir='ltr'>praegnans,</span> <span class='ocrx_word' id='word_1_72' title='bbox 566 907 721 948; x_wconf 89' lang='lat' dir='ltr'>seriem</span> <span class='ocrx_word' id='word_1_73' title='bbox 739 905 995 947; x_wconf 77' lang='lat' dir='ltr'>cellularum</span> <span class='ocrx_word' id='word_1_74' title='bbox 1017 918 1128 945; x_wconf 90' lang='lat' dir='ltr'>nunc</span> <span class='ocrx_word' id='word_1_75' title='bbox 1150 902 1522 957; x_wconf 78' lang='lat' dir='ltr'>longitudinaliter</span> <span class='ocrx_word' id='word_1_76' title='bbox 1543 916 1656 942; x_wconf 89' lang='lat' dir='ltr'>nunc</span> 
     </span>
     <span class='ocr_line' id='line_1_13' title="bbox 121 970 1656 1029; baseline -0.004 -13"><span class='ocrx_word' id='word_1_77' title='bbox 121 975 470 1016; x_wconf 82' lang='lat' dir='ltr'>transversaliter</span> <span class='ocrx_word' id='word_1_78' title='bbox 501 975 567 1029; x_wconf 78' lang='lat' dir='ltr'>(in</span> <span class='ocrx_word' id='word_1_79' title='bbox 599 975 784 1016; x_wconf 74' lang='lat' dir='ltr'>articulo</span> <span class='ocrx_word' id='word_1_80' title='bbox 816 972 1168 1015; x_wconf 82' lang='lat' dir='ltr'>transversaliter</span> <span class='ocrx_word' id='word_1_81' title='bbox 1200 971 1403 1024; x_wconf 87' lang='lat' dir='ltr'>dilatato)</span> <span class='ocrx_word' id='word_1_82' title='bbox 1426 970 1656 1024; x_wconf 88' lang='lat' dir='ltr'>disposita-</span> 
     </span>
     <span class='ocr_line' id='line_1_14' title="bbox 119 1039 1656 1085; baseline -0.004 0"><span class='ocrx_word' id='word_1_83' title='bbox 119 1058 215 1084; x_wconf 89' lang='lat' dir='ltr'>rum</span> <span class='ocrx_word' id='word_1_84' title='bbox 247 1044 443 1085; x_wconf 82' lang='lat' dir='ltr'>efficiens.</span> <span class='ocrx_word' id='word_1_85' title='bbox 504 1043 680 1085; x_wconf 65' lang='lat' dir='ltr'>Cellulze</span> <span class='ocrx_word' id='word_1_86' title='bbox 713 1045 774 1085; x_wconf 90' lang='lat' dir='ltr'>ita</span> <span class='ocrx_word' id='word_1_87' title='bbox 805 1042 1006 1084; x_wconf 77' lang='lat' dir='ltr'>formatae</span> <span class='ocrx_word' id='word_1_88' title='bbox 1050 1046 1150 1083; x_wconf 87' lang='lat' dir='ltr'>sunt</span> <span class='ocrx_word' id='word_1_89' title='bbox 1189 1041 1453 1083; x_wconf 72' lang='lat' dir='ltr'>brevissimae</span> <span class='ocrx_word' id='word_1_90' title='bbox 1486 1043 1529 1080; x_wconf 85' lang='lat' dir='ltr'>et</span> <span class='ocrx_word' id='word_1_91' title='bbox 1557 1039 1656 1080; x_wconf 90' lang='lat' dir='ltr'>lati-</span> 
     </span>
     <span class='ocr_line' id='line_1_15' title="bbox 119 1107 1657 1167; baseline -0.003 -14"><span class='ocrx_word' id='word_1_92' title='bbox 119 1112 268 1154; x_wconf 85' lang='lat' dir='ltr'>tudine</span> <span class='ocrx_word' id='word_1_93' title='bbox 299 1114 437 1166; x_wconf 81' lang='lat' dir='ltr'>magis</span> <span class='ocrx_word' id='word_1_94' title='bbox 485 1127 614 1167; x_wconf 83' lang='lat' dir='ltr'>quam</span> <span class='ocrx_word' id='word_1_95' title='bbox 645 1112 915 1166; x_wconf 84' lang='lat' dir='ltr'>longitudine</span> <span class='ocrx_word' id='word_1_96' title='bbox 961 1115 1161 1160; x_wconf 66' lang='lat' dir='ltr'>extensae,</span> <span class='ocrx_word' id='word_1_97' title='bbox 1210 1109 1369 1151; x_wconf 90' lang='lat' dir='ltr'>sensim</span> <span class='ocrx_word' id='word_1_98' title='bbox 1413 1107 1657 1149; x_wconf 84' lang='lat' dir='ltr'>lateraliter</span> 
     </span>
     <span class='ocr_line' id='line_1_16' title="bbox 119 1176 1658 1222; baseline -0.003 -1"><span class='ocrx_word' id='word_1_99' title='bbox 119 1180 278 1222; x_wconf 84' lang='lat' dir='ltr'>inflatae</span> <span class='ocrx_word' id='word_1_100' title='bbox 311 1181 431 1222; x_wconf 88' lang='lat' dir='ltr'>filum</span> <span class='ocrx_word' id='word_1_101' title='bbox 470 1181 757 1222; x_wconf 86' lang='lat' dir='ltr'>moniliforme</span> <span class='ocrx_word' id='word_1_102' title='bbox 804 1180 1003 1221; x_wconf 86' lang='lat' dir='ltr'>efficiunt.</span> <span class='ocrx_word' id='word_1_103' title='bbox 1048 1178 1160 1219; x_wconf 81' lang='lat' dir='ltr'>-Fila</span> <span class='ocrx_word' id='word_1_104' title='bbox 1205 1177 1514 1219; x_wconf 83' lang='lat' dir='ltr'>moniliformia</span> <span class='ocrx_word' id='word_1_105' title='bbox 1559 1176 1658 1216; x_wconf 88' lang='lat' dir='ltr'>dein</span> 
     </span>
     <span class='ocr_line' id='line_1_17' title="bbox 119 1246 1657 1304; baseline -0.004 -14"><span class='ocrx_word' id='word_1_106' title='bbox 119 1250 256 1304; x_wconf 80' lang='lat' dir='ltr'>magis</span> <span class='ocrx_word' id='word_1_107' title='bbox 289 1250 510 1292; x_wconf 87' lang='lat' dir='ltr'>subdivisa</span> <span class='ocrx_word' id='word_1_108' title='bbox 541 1250 698 1291; x_wconf 87' lang='lat' dir='ltr'>sensim</span> <span class='ocrx_word' id='word_1_109' title='bbox 730 1250 774 1290; x_wconf 92' lang='lat' dir='ltr'>in</span> <span class='ocrx_word' id='word_1_110' title='bbox 805 1249 1033 1290; x_wconf 82' lang='lat' dir='ltr'>fasciculos</span> <span class='ocrx_word' id='word_1_111' title='bbox 1056 1246 1388 1301; x_wconf 83' lang='lat' dir='ltr'>gemmidiorum</span> <span class='ocrx_word' id='word_1_112' title='bbox 1419 1249 1657 1286; x_wconf 89' lang='lat' dir='ltr'>mutantur.</span> 
     </span>
     <span class='ocr_line' id='line_1_18' title="bbox 120 1314 1657 1369; baseline -0.004 -8"><span class='ocrx_word' id='word_1_113' title='bbox 120 1321 242 1361; x_wconf 82' lang='lat' dir='ltr'>Infra</span> <span class='ocrx_word' id='word_1_114' title='bbox 274 1321 474 1362; x_wconf 84' lang='lat' dir='ltr'>nucleum</span> <span class='ocrx_word' id='word_1_115' title='bbox 505 1324 867 1361; x_wconf 84' lang='lat' dir='ltr'>maturescentem</span> <span class='ocrx_word' id='word_1_116' title='bbox 902 1323 943 1360; x_wconf 90' lang='lat' dir='ltr'>et</span> <span class='ocrx_word' id='word_1_117' title='bbox 972 1319 1086 1360; x_wconf 89' lang='lat' dir='ltr'>inter</span> <span class='ocrx_word' id='word_1_118' title='bbox 1122 1318 1296 1358; x_wconf 85' lang='lat' dir='ltr'>nucleos</span> <span class='ocrx_word' id='word_1_119' title='bbox 1334 1316 1409 1357; x_wconf 91' lang='lat' dir='ltr'>fila</span> <span class='ocrx_word' id='word_1_120' title='bbox 1445 1314 1657 1369; x_wconf 84' lang='lat' dir='ltr'>ejusmodi</span> 
     </span>
     <span class='ocr_line' id='line_1_19' title="bbox 121 1382 1658 1442; baseline -0.005 -12"><span class='ocrx_word' id='word_1_121' title='bbox 121 1403 233 1442; x_wconf 68' lang='lat' dir='ltr'>saepe</span> <span class='ocrx_word' id='word_1_122' title='bbox 265 1389 436 1439; x_wconf 73' lang='lat' dir='ltr'>adsunt,</span> <span class='ocrx_word' id='word_1_123' title='bbox 471 1403 547 1430; x_wconf 89' lang='lat' dir='ltr'>suo</span> <span class='ocrx_word' id='word_1_124' title='bbox 580 1389 730 1430; x_wconf 87' lang='lat' dir='ltr'>ordine</span> <span class='ocrx_word' id='word_1_125' title='bbox 762 1392 809 1428; x_wconf 91' lang='lat' dir='ltr'>ut</span> <span class='ocrx_word' id='word_1_126' title='bbox 840 1391 1039 1440; x_wconf 90' lang='lat' dir='ltr'>putarem</span> <span class='ocrx_word' id='word_1_127' title='bbox 1070 1385 1419 1427; x_wconf 86' lang='lat' dir='ltr'>maturescentia.</span> <span class='ocrx_word' id='word_1_128' title='bbox 1479 1384 1563 1425; x_wconf 90' lang='lat' dir='ltr'>Pro</span> <span class='ocrx_word' id='word_1_129' title='bbox 1595 1382 1658 1423; x_wconf 89' lang='lat' dir='ltr'>di-</span> 
     </span>
     <span class='ocr_line' id='line_1_20' title="bbox 120 1452 1657 1511; baseline -0.005 -12"><span class='ocrx_word' id='word_1_130' title='bbox 120 1458 325 1499; x_wconf 80' lang='lat' dir='ltr'>versitate</span> <span class='ocrx_word' id='word_1_131' title='bbox 356 1458 556 1511; x_wconf 77' lang='lat' dir='ltr'>gelatinae</span> <span class='ocrx_word' id='word_1_132' title='bbox 588 1457 841 1505; x_wconf 66' lang='lat' dir='ltr'>cohibentis,</span> <span class='ocrx_word' id='word_1_133' title='bbox 875 1456 1108 1510; x_wconf 79' lang='lat' dir='ltr'>gemmidia</span> <span class='ocrx_word' id='word_1_134' title='bbox 1140 1459 1216 1496; x_wconf 88' lang='lat' dir='ltr'>aut</span> <span class='ocrx_word' id='word_1_135' title='bbox 1238 1454 1400 1495; x_wconf 88' lang='lat' dir='ltr'>arctius</span> <span class='ocrx_word' id='word_1_136' title='bbox 1423 1452 1657 1500; x_wconf 61' lang='lat' dir='ltr'>(elicerent,</span> 
     </span>
     <span class='ocr_line' id='line_1_21' title="bbox 122 1519 1659 1580; baseline -0.005 -13"><span class='ocrx_word' id='word_1_137' title='bbox 122 1528 246 1580; x_wconf 86' lang='lat' dir='ltr'>quasi</span> <span class='ocrx_word' id='word_1_138' title='bbox 277 1527 532 1569; x_wconf 87' lang='lat' dir='ltr'>membrana</span> <span class='ocrx_word' id='word_1_139' title='bbox 577 1526 787 1579; x_wconf 69' lang='lat' dir='ltr'>cingente,</span> <span class='ocrx_word' id='word_1_140' title='bbox 835 1528 910 1565; x_wconf 88' lang='lat' dir='ltr'>aut</span> <span class='ocrx_word' id='word_1_141' title='bbox 954 1525 1071 1565; x_wconf 79' lang='lat' dir='ltr'>intra</span> <span class='ocrx_word' id='word_1_142' title='bbox 1117 1523 1349 1577; x_wconf 82' lang='lat' dir='ltr'>gelatinam</span> <span class='ocrx_word' id='word_1_143' title='bbox 1395 1519 1659 1562; x_wconf 89' lang='lat' dir='ltr'>diffluentem</span> 
     </span>
     <span class='ocr_line' id='line_1_22' title="bbox 121 1591 1372 1649; baseline -0.003 -14"><span class='ocrx_word' id='word_1_144' title='bbox 121 1594 391 1649; x_wconf 74' lang='lat' dir='ltr'>conglobata,</span> <span class='ocrx_word' id='word_1_145' title='bbox 426 1595 606 1649; x_wconf 80' lang='lat' dir='ltr'>singulis</span> <span class='ocrx_word' id='word_1_146' title='bbox 639 1595 765 1648; x_wconf 83' lang='lat' dir='ltr'>quasi</span> <span class='ocrx_word' id='word_1_147' title='bbox 795 1593 928 1635; x_wconf 90' lang='lat' dir='ltr'>limbo</span> <span class='ocrx_word' id='word_1_148' title='bbox 960 1592 1175 1647; x_wconf 87' lang='lat' dir='ltr'>pellucido</span> <span class='ocrx_word' id='word_1_149' title='bbox 1208 1591 1372 1633; x_wconf 87' lang='lat' dir='ltr'>cinctis.</span> 
     </span>
    </p>
   </div>
   <div class='ocr_carea' id='block_1_3' title="bbox 385 1710 701 1763">
    <p class='ocr_par' dir='ltr' id='par_1_4' title="bbox 385 1710 701 1763">
     <span class='ocr_line' id='line_1_23' title="bbox 385 1710 701 1763; baseline -0.006 -12"><span class='ocrx_word' id='word_1_150' title='bbox 385 1710 701 1763; x_wconf 87' lang='lat' dir='ltr'>Disponantur:</span> 
     </span>
    </p>
   </div>
   <div class='ocr_carea' id='block_1_4' title="bbox 121 1813 1658 1865">
    <p class='ocr_par' dir='ltr' id='par_1_5' title="bbox 121 1813 1658 1865">
     <span class='ocr_line' id='line_1_24' title="bbox 121 1813 1658 1865; baseline 0 -1"><span class='ocrx_word' id='word_1_151' title='bbox 121 1814 321 1864; x_wconf 79' lang='lat' dir='ltr'>TRIBUS</span> <span class='ocrx_word' id='word_1_152' title='bbox 357 1814 391 1863; x_wconf 89' lang='lat' dir='ltr'>l.</span> <span class='ocrx_word' id='word_1_153' title='bbox 464 1813 985 1863; x_wconf 61' lang='lat' dir='ltr'>‹TRYPTOSwnoNlEAE</span> <span class='ocrx_word' id='word_1_154' title='bbox 1008 1823 1160 1864; x_wconf 75' lang='lat' dir='ltr'>fronde</span> <span class='ocrx_word' id='word_1_155' title='bbox 1184 1821 1388 1863; x_wconf 63' lang='lat' dir='ltr'>tribulosa</span> <span class='ocrx_word' id='word_1_156' title='bbox 1409 1824 1486 1861; x_wconf 77' lang='lat' dir='ltr'>aut</span> <span class='ocrx_word' id='word_1_157' title='bbox 1506 1819 1658 1865; x_wconf 74' lang='lat' dir='ltr'>farcta,</span> 
     </span>
    </p>
   </div>
   <div class='ocr_carea' id='block_1_5' title="bbox 236 1887 1659 2072">
    <p class='ocr_par' dir='ltr' id='par_1_6' title="bbox 236 1887 1659 2072">
     <span class='ocr_line' id='line_1_25' title="bbox 236 1887 1658 1946; baseline -0.004 -13"><span class='ocrx_word' id='word_1_158' title='bbox 236 1894 306 1934; x_wconf 82' lang='lat' dir='ltr'>axi</span> <span class='ocrx_word' id='word_1_159' title='bbox 330 1893 655 1946; x_wconf 86' lang='lat' dir='ltr'>monosiphonio</span> <span class='ocrx_word' id='word_1_160' title='bbox 684 1893 918 1933; x_wconf 77' lang='lat' dir='ltr'>articulato</span> <span class='ocrx_word' id='word_1_161' title='bbox 942 1896 1128 1933; x_wconf 88' lang='lat' dir='ltr'>stratum</span> <span class='ocrx_word' id='word_1_162' title='bbox 1152 1894 1377 1932; x_wconf 85' lang='lat' dir='ltr'>externum</span> <span class='ocrx_word' id='word_1_163' title='bbox 1400 1887 1658 1936; x_wconf 74' lang='lat' dir='ltr'>sustinente3</span> 
     </span>
     <span class='ocr_line' id='line_1_26' title="bbox 236 1960 1659 2016; baseline -0.004 -14"><span class='ocrx_word' id='word_1_164' title='bbox 236 1962 515 2016; x_wconf 82' lang='lat' dir='ltr'>cystocarpiis</span> <span class='ocrx_word' id='word_1_165' title='bbox 547 1962 663 2002; x_wconf 88' lang='lat' dir='ltr'>intra</span> <span class='ocrx_word' id='word_1_166' title='bbox 695 1976 838 2002; x_wconf 86' lang='lat' dir='ltr'>ramos</span> <span class='ocrx_word' id='word_1_167' title='bbox 871 1961 1068 2014; x_wconf 89' lang='lat' dir='ltr'>proprios</span> <span class='ocrx_word' id='word_1_168' title='bbox 1100 1960 1189 2000; x_wconf 80' lang='lat' dir='ltr'>fere</span> <span class='ocrx_word' id='word_1_169' title='bbox 1212 1961 1526 1999; x_wconf 88' lang='lat' dir='ltr'>transmutatos</span> <span class='ocrx_word' id='word_1_170' title='bbox 1548 1970 1659 2009; x_wconf 83' lang='lat' dir='ltr'>saepe</span> 
     </span>
     <span class='ocr_line' id='line_1_27' title="bbox 240 2030 582 2072; baseline 0 -1"><span class='ocrx_word' id='word_1_171' title='bbox 240 2030 582 2072; x_wconf 88' lang='lat' dir='ltr'>obvenientibus.</span> 
     </span>
    </p>
   </div>
   <div class='ocr_carea' id='block_1_6' title="bbox 127 2129 1658 2234">
    <p class='ocr_par' dir='ltr' id='par_1_7' title="bbox 127 2129 1658 2234">
     <span class='ocr_line' id='line_1_28' title="bbox 127 2129 1658 2177; baseline -0.005 -9"><span class='ocrx_word' id='word_1_172' title='bbox 127 2133 275 2168; x_wconf 74' lang='lat' dir='ltr'>Fronde</span> <span class='ocrx_word' id='word_1_173' title='bbox 302 2133 535 2167; x_wconf 55' lang='lat' dir='ltr'>tardiuscula</span> <span class='ocrx_word' id='word_1_174' title='bbox 562 2143 851 2177; x_wconf 71' lang='lat' dir='ltr'>quoquoversmn</span> <span class='ocrx_word' id='word_1_175' title='bbox 876 2142 1020 2165; x_wconf 68' lang='lat' dir='ltr'>ramosa</span> <span class='ocrx_word' id='word_1_176' title='bbox 1049 2130 1228 2164; x_wconf 73' lang='lat' dir='ltr'>tubulosa.</span> <span class='ocrx_word' id='word_1_177' title='bbox 1257 2129 1317 2163; x_wconf 90' lang='lat' dir='ltr'>LI.</span> <span class='ocrx_word' id='word_1_178' title='bbox 1346 2129 1658 2163; x_wconf 65' lang='lat' dir='ltr'>Cm&#39;PTosmnomA.</span> 
     </span>
     <span class='ocr_line' id='line_1_29' title="bbox 198 2186 1503 2234; baseline -0.004 -10"><span class='ocrx_word' id='word_1_179' title='bbox 198 2218 219 2234; x_wconf 79' lang='lat'>„</span> <span class='ocrx_word' id='word_1_180' title='bbox 302 2191 463 2234; x_wconf 59' lang='lat' dir='ltr'>ancipite</span> <span class='ocrx_word' id='word_1_181' title='bbox 487 2190 637 2224; x_wconf 63' lang='lat' dir='ltr'>distiche</span> <span class='ocrx_word' id='word_1_182' title='bbox 656 2190 820 2233; x_wconf 51' lang='lat' dir='ltr'>pernam</span> <span class='ocrx_word' id='word_1_183' title='bbox 838 2188 969 2231; x_wconf 69' lang='lat' dir='ltr'>farem</span> <span class='ocrx_word' id='word_1_184' title='bbox 995 2214 1235 2221; x_wconf 91' lang='grc'><strong>.....</strong></span> <span class='ocrx_word' id='word_1_185' title='bbox 1263 2187 1342 2220; x_wconf 87' lang='lat' dir='ltr'>LII.</span> <span class='ocrx_word' id='word_1_186' title='bbox 1369 2186 1503 2220; x_wconf 69' lang='lat' dir='ltr'>PnffiA:</span> 
     </span>
    </p>
   </div>
   <div class='ocr_carea' id='block_1_7' title="bbox 239 2292 1659 2393">
    <p class='ocr_par' dir='ltr' id='par_1_8' title="bbox 239 2292 1659 2393">
     <span class='ocr_line' id='line_1_30' title="bbox 239 2292 1535 2349; baseline -0.005 -12"><span class='ocrx_word' id='word_1_187' title='bbox 239 2294 384 2337; x_wconf 67' lang='lat' dir='ltr'>Genus</span> <span class='ocrx_word' id='word_1_188' title='bbox 407 2295 571 2349; x_wconf 76' lang='lat' dir='ltr'>forsan</span> <span class='ocrx_word' id='word_1_189' title='bbox 601 2293 729 2347; x_wconf 74' lang='lat' dir='ltr'>hujus</span> <span class='ocrx_word' id='word_1_190' title='bbox 768 2293 960 2343; x_wconf 72' lang='lat' dir='ltr'>Ordinis,</span> <span class='ocrx_word' id='word_1_191' title='bbox 992 2292 1208 2346; x_wconf 70' lang='lat' dir='ltr'>affinitate</span> <span class='ocrx_word' id='word_1_192' title='bbox 1239 2293 1381 2332; x_wconf 72' lang='lat' dir='ltr'>minus</span> <span class='ocrx_word' id='word_1_193' title='bbox 1411 2293 1535 2332; x_wconf 70' lang='lat' dir='ltr'>certa.</span> 
     </span>
     <span class='ocr_line' id='line_1_31' title="bbox 1252 2358 1659 2393; baseline -0.005 -1"><span class='ocrx_word' id='word_1_194' title='bbox 1252 2359 1350 2392; x_wconf 90' lang='lat' dir='ltr'>LIII.</span> <span class='ocrx_word' id='word_1_195' title='bbox 1380 2358 1659 2393; x_wconf 64' lang='lat' dir='ltr'><strong>PNIZZOPHLAEA.</strong></span> 
     </span>
    </p>
   </div>
   <div class='ocr_carea' id='block_1_8' title="bbox 127 2478 1660 2535">
    <p class='ocr_par' dir='ltr' id='par_1_9' title="bbox 127 2478 1660 2535">
     <span class='ocr_line' id='line_1_32' title="bbox 127 2478 1660 2535; baseline -0.003 -5"><span class='ocrx_word' id='word_1_196' title='bbox 127 2481 328 2530; x_wconf 80' lang='lat' dir='ltr'>TRIBUS</span> <span class='ocrx_word' id='word_1_197' title='bbox 364 2479 421 2529; x_wconf 84' lang='grc' dir='ltr'>ΙΙ.</span> <span class='ocrx_word' id='word_1_198' title='bbox 491 2478 819 2528; x_wconf 69' lang='lat' dir='ltr'>mmloN&#39;rfflAE</span> <span class='ocrx_word' id='word_1_199' title='bbox 852 2488 1003 2529; x_wconf 75' lang='lat' dir='ltr'>fronde</span> <span class='ocrx_word' id='word_1_200' title='bbox 1036 2487 1252 2535; x_wconf 57' lang='lat' dir='ltr'>tribulosa,</span> <span class='ocrx_word' id='word_1_201' title='bbox 1291 2486 1374 2527; x_wconf 78' lang='lat' dir='ltr'>filis</span> <span class='ocrx_word' id='word_1_202' title='bbox 1413 2489 1660 2526; x_wconf 71' lang='lat' dir='ltr'>anastomo-</span> 
     </span>
    </p>
   </div>
   <div class='ocr_carea' id='block_1_9' title="bbox 241 2555 1660 2682">
    <p class='ocr_par' dir='ltr' id='par_1_10' title="bbox 241 2555 1660 2682">
     <span class='ocr_line' id='line_1_33' title="bbox 241 2555 1660 2610; baseline -0.005 -8"><span class='ocrx_word' id='word_1_203' title='bbox 241 2561 438 2602; x_wconf 86' lang='lat' dir='ltr'>santibus</span> <span class='ocrx_word' id='word_1_204' title='bbox 469 2573 651 2600; x_wconf 86' lang='lat' dir='ltr'>vacuum</span> <span class='ocrx_word' id='word_1_205' title='bbox 682 2559 864 2600; x_wconf 86' lang='lat' dir='ltr'>interius</span> <span class='ocrx_word' id='word_1_206' title='bbox 896 2557 1252 2610; x_wconf 88' lang='lat' dir='ltr'>percurrentibus</span> <span class='ocrx_word' id='word_1_207' title='bbox 1276 2555 1578 2608; x_wconf 65' lang='lat' dir='ltr'>sparsiorffius,</span> <span class='ocrx_word' id='word_1_208' title='bbox 1604 2556 1660 2595; x_wconf 90' lang='lat' dir='ltr'>si-</span> 
     </span>
     <span class='ocr_line' id='line_1_34' title="bbox 241 2625 760 2682; baseline -0.006 -13"><span class='ocrx_word' id='word_1_209' title='bbox 241 2629 384 2682; x_wconf 85' lang='lat' dir='ltr'>phone</span> <span class='ocrx_word' id='word_1_210' title='bbox 415 2627 597 2668; x_wconf 84' lang='lat' dir='ltr'>centrali</span> <span class='ocrx_word' id='word_1_211' title='bbox 630 2625 760 2667; x_wconf 88' lang='lat' dir='ltr'>nullo.</span> 
     </span>
    </p>
   </div>
   <div class='ocr_carea' id='block_1_10' title="bbox 133 2730 1660 2891">
    <p class='ocr_par' dir='ltr' id='par_1_11' title="bbox 133 2730 1660 2891">
     <span class='ocr_line' id='line_1_35' title="bbox 133 2730 1179 2775; baseline -0.006 -7"><span class='ocrx_word' id='word_1_212' title='bbox 133 2734 281 2768; x_wconf 74' lang='lat' dir='ltr'>Fronde</span> <span class='ocrx_word' id='word_1_213' title='bbox 306 2732 463 2766; x_wconf 58' lang='lat' dir='ltr'>molliter</span> <span class='ocrx_word' id='word_1_214' title='bbox 490 2732 708 2775; x_wconf 71' lang='lat' dir='ltr'>9elatinosa,</span> <span class='ocrx_word' id='word_1_215' title='bbox 735 2730 976 2774; x_wconf 69' lang='lat' dir='ltr'>cystoccerpiis</span> <span class='ocrx_word' id='word_1_216' title='bbox 1000 2730 1041 2762; x_wconf 74' lang='lat' dir='ltr'>in</span> <span class='ocrx_word' id='word_1_217' title='bbox 1065 2730 1179 2762; x_wconf 70' lang='lat' dir='ltr'>ramis</span> 
     </span>
     <span class='ocr_line' id='line_1_36' title="bbox 661 2783 1580 2821; baseline -0.005 0"><span class='ocrx_word' id='word_1_218' title='bbox 661 2788 722 2821; x_wconf 59' lang='lat' dir='ltr'><strong><em>1³2·oe</em></strong></span> <span class='ocrx_word' id='word_1_219' title='bbox 746 2787 897 2820; x_wconf 66' lang='lat' dir='ltr'>mactatis</span> <span class='ocrx_word' id='word_1_220' title='bbox 921 2787 1097 2819; x_wconf 52' lang='lat' dir='ltr'>‘immersis</span> <span class='ocrx_word' id='word_1_221' title='bbox 1146 2813 1152 2819; x_wconf 88' lang='lat'>.</span> <span class='ocrx_word' id='word_1_222' title='bbox 1204 2812 1211 2818; x_wconf 90' lang='lat'><strong>.</strong></span> <span class='ocrx_word' id='word_1_223' title='bbox 1261 2783 1355 2818; x_wconf 91' lang='lat' dir='ltr'>LIV.</span> <span class='ocrx_word' id='word_1_224' title='bbox 1382 2783 1580 2816; x_wconf 80' lang='lat' dir='ltr'>DUMONTIA.</span> 
     </span>
     <span class='ocr_line' id='line_1_37' title="bbox 199 2840 1660 2891; baseline -0.007 -9"><span class='ocrx_word' id='word_1_225' title='bbox 199 2875 221 2891; x_wconf 81' lang='grc'>,,</span> <span class='ocrx_word' id='word_1_226' title='bbox 302 2846 758 2891; x_wconf 65' lang='lat' dir='ltr'>{selatinoso-perycmwna,</span> <span class='ocrx_word' id='word_1_227' title='bbox 785 2843 1026 2887; x_wconf 59' lang='lat' dir='ltr'>cystocarpiss</span> <span class='ocrx_word' id='word_1_228' title='bbox 1052 2842 1102 2886; x_wconf 66' lang='lat'>(5²)</span> <span class='ocrx_word' id='word_1_229' title='bbox 1149 2869 1156 2875; x_wconf 86' lang='lat'>.</span> <span class='ocrx_word' id='word_1_230' title='bbox 1207 2869 1213 2875; x_wconf 94' lang='lat'>.</span> <span class='ocrx_word' id='word_1_231' title='bbox 1263 2840 1340 2874; x_wconf 90' lang='lat' dir='ltr'>LV.</span> <span class='ocrx_word' id='word_1_232' title='bbox 1369 2840 1660 2874; x_wconf 78' lang='lat' dir='ltr'>?HALOSACCION.</span> 
     </span>
    </p>
   </div>
  </div>
 </body>
</html>
