1757 3114
164 98 245 140 468
749 99 1054 140 DELESSERIEAE.
1378 101 1429 143 N
1424 100 1682 154 itoplzyllum.

275 210 421 252 aribus
453 210 697 263 oblongisve
728 211 982 262 subaveniis,
1016 225 1111 252 soro
1133 212 1288 254 lineam
1310 218 1538 267 angustam
1561 227 1681 255 secus

275 279 514 332 marginem
537 279 742 331 segmenti
764 279 1093 320 subcontinuam
1115 279 1340 332 formante,
1362 281 1560 322 coccidiis
1585 281 1684 322 sub-

275 343 602 399 marginalibus.
634 346 679 388 J.
712 346 792 399 Ay.
827 347 897 399 Sp.
921 361 968 399 p.
992 348 1083 388 656.
1119 347 1452 400 Sclewizoylossmn
1484 348 1686 390 Bai-mn-

271 417 449 468 glz'cmum
483 415 601 456 Karta
631 415 656 456 Z.
680 430 710 457 c.
731 416 812 457 tab.
844 416 909 456 69.
946 415 1050 457 Ταῦ.
1089 415 1215 469 Plzyc.
1261 416 1346 458 Vol.
1372 417 1499 459 XVI
1514 417 1595 458 tab.
1617 417 1687 457 31:

431 482 496 523 Ad
528 496 625 524 oras
656 483 860 525 Peruviae.

253 562 297 597 N.
324 562 572 597 deformatum
598 562 707 606 Suhr,
734 573 754 595 a
771 574 828 596 me
848 574 931 596 cum
949 562 1062 597 dubio
1080 563 1126 596 ad
1143 563 1188 597 N.
1215 575 1493 609 acrospermum
1511 566 1687 608 relatum,

163 618 209 653 ad
235 631 340 653 suum
367 618 451 653 Sch.
478 619 779 664 Bartlingianum
812 619 924 654 dubie
949 619 1082 653 retulit
1107 620 1285 665 Kutzing.
1335 621 1499 657 Grunow
1526 623 1691 667 (Novara

163 688 198 720 p.
225 678 282 721 85)
310 675 531 711 Suhrianam
557 677 721 722 speciem
747 688 766 711 a
792 677 836 711 N.
863 687 1101 721 acrospermo
1128 677 1315 712 diversam
1341 679 1568 713 considerat.

163 770 228 811 44.
261 769 311 810 N.
343 783 578 811 MARGINALE
610 770 765 822 (Ham).
798 770 893 823 Αἶα.
927 783 1011 811 ems.
1035 767 1145 823 Geyl.
1166 783 1236 812 nso
1259 772 1332 826 26>
1354 772 1517 812 enervis
1540 771 1689 813 fronde

279 838 500 880 subsessili
538 839 793 879 tenuissima
829 837 1255 879 cuneato-flabellata
1286 839 1592 892 subpalmatim
1624 840 1688 880 la-

276 906 446 957 ciniata,
464 905 629 947 laciniis
647 907 851 957 cuneatis,
871 906 1163 958 superioribus
1180 906 1551 962 lineari-oblongis
1569 909 1690 961 apice

278 975 745 1016 rotundato-truncatis
778 975 1032 1024 subaveniis,
1073 975 1180 1016 soris
1218 976 1461 1017 rotundatis
1500 975 1689 1017 ocellatis

278 1056 399 1083 secus
431 1043 646 1096 margines
678 1043 896 1095 dispositis
928 1042 971 1082 in
1002 1042 1137 1083 lineas
1170 1043 1574 1095 subconfluentibus,
1598 1058 1690 1085 coc-

276 1112 399 1153 cidiis
429 1111 744 1164 marginalibus
767 1125 877 1164 saepe
899 1117 1021 1153 extra
1043 1113 1281 1165 marginem
1304 1112 1567 1166 prominulis.
1603 1112 1689 1165 Ay-

277 1181 536 1235 Zaophgyllum
558 1182 795 1234 marffl'mde
826 1182 954 1223 Ksefetz.
985 1182 1066 1223 tab.
1094 1181 1220 1235 Phyc.
1265 1181 1350 1224 Vol.
1386 1182 1513 1224 XIX
1540 1183 1622 1224 tab.
1646 1182 1688 1222 51

426 1250 535 1292 Hab.
567 1251 623 1291 ad
654 1248 896 1304 Ceylonam.

163 1377 221 1432 ††
255 1376 424 1418 Fronde
453 1376 685 1417 evidentius
722 1376 933 1428 stipitata,
965 1390 991 1416 a
1021 1376 1164 1427 stipite
1200 1375 1363 1416 demum
1401 1389 1591 1424 nervosa,
1623 1390 1689 1417 ve-

345 1444 493 1496 nisque
522 1443 860 1497 supeificz'alibus
890 1456 1061 1484 sursum
1093 1442 1257 1496 Ionyius
1280 1456 1500 1495 percursa.

164 1547 230 1588 45.
262 1545 313 1587 N.
345 1545 619 1587 SANDRIANUM
651 1545 863 1599 (Meozeyh.
894 1549 1037 1598 mser.)
1082 1559 1273 1596 nervosa,
1311 1545 1464 1587 fronde
1495 1546 1691 1600 stipitata

277 1613 706 1656 cuneato-flabellata
737 1614 945 1667 sub—vage
992 1614 1138 1663 divisa,
1184 1614 1351 1655 laciniis
1398 1614 1690 1656 conformibus

277 1683 447 1724 demum
479 1683 810 1725 sublanceolatis
842 1683 887 1723 in
924 1682 1133 1724 lacinulas
1164 1683 1431 1724 acuminatas
1453 1683 1691 1724 lateraliter

277 1750 636 1804 subpinnatifidis,
660 1751 777 1792 venis
799 1750 1140 1804 superficialibus
1162 1751 1217 1791 ad
1238 1751 1381 1804 apices
1403 1751 1690 1792 lacinularum

277 1821 617 1871 excurrentibus,
650 1820 757 1861 soris
789 1820 923 1861 lineas
955 1834 1075 1860 secus
1107 1822 1323 1872 margines
1354 1820 1606 1861 laciniarum
1630 1820 1689 1861 ef-

275 1889 530 1939 ficientibus,
563 1889 760 1930 coccidiis
795 1923 802 1930 .
836 1923 844 1930 .
877 1923 884 1930 .
919 1887 1088 1931 Cromna
1117 1890 1163 1931 in
1208 1889 1305 1942 Aly.
1342 1889 1497 1930 Fim'st.
1521 1903 1566 1941 p.
1600 1891 1690 1930 152.

277 1958 452 1999 Ardiss.
487 1956 651 1999 Florz'd.
683 1957 786 1998 Ital.
830 1957 918 1999 Vol.
959 1957 1021 1999 II
1046 1957 1126 1998 tab.
1178 1956 1396 2010 VIIIfiq.
1428 1957 1464 1997 3.
1498 1957 1688 1998 Zanard.

279 2026 338 2067 Ic.
370 2026 453 2067 tab.
487 2027 551 2066 49.
575 2025 633 2066 R.
658 2024 825 2067 Deless.
851 2025 1102 2067 Samiramia
1124 2023 1314 2076 Moeneylt.
1337 2026 1382 2066 in
1405 2025 1534 2066 Kic'tz.
1561 2025 1693 2078 Plegyc.

272 2107 400 2147 yerm.
424 2107 471 2146 p.
504 2093 594 2134 332.
626 2093 670 2135 J.
703 2094 783 2146 Af!-
819 2093 888 2145 Sp.
913 2107 960 2145 p.
993 2095 1085 2133 671.
1131 2092 1461 2146 Aylaoplcyllmn
1510 2094 1691 2136 Sandri-

277 2175 408 2203 cmmm
442 2162 571 2202 Kritz.
603 2161 684 2202 tab.
721 2161 849 2214 Plzyc.
893 2161 979 2202 Vol.
1017 2160 1144 2202 XVI
1172 2161 1253 2202 tab.
1286 2162 1350 2202 36.

276 2229 386 2271 Hab.
418 2230 461 2270 in
491 2230 600 2271 mari
631 2229 838 2270 adriatico
870 2232 911 2270 et
942 2229 1146 2270 atlantico
1183 2229 1238 2270 ad
1270 2244 1365 2271 oras
1398 2230 1561 2272 Galliae.

256 2309 453 2355 Specimen
479 2309 739 2344 authenticum
764 2309 873 2354 hujus
901 2310 1046 2343 nullum
1072 2309 1163 2343 vidi.
1214 2309 1412 2354 Specimen
1439 2310 1534 2345 soris
1559 2310 1689 2345 fructi-

166 2367 286 2402 ferum
312 2368 498 2401 miserunt
524 2367 602 2401 Cel.
631 2367 789 2410 Crouan,
816 2367 914 2410 quod
940 2378 1021 2401 cum
1052 2367 1160 2401 icone
1186 2367 1296 2401 Kritz.
1323 2367 1454 2402 habitu
1480 2368 1687 2412 subsimile,

168 2427 207 2458 at
232 2423 338 2458 venis
366 2423 666 2468 superficialibus
704 2423 902 2458 admodum
941 2423 1153 2467 conspicuis
1192 2435 1309 2467 usque
1336 2425 1382 2458 ad
1408 2425 1531 2471 apices
1558 2425 1687 2459 lacini-

166 2492 270 2514 arum
294 2480 484 2515 minorum
510 2480 797 2514 excurrentibus
824 2480 1051 2514 instructum
1078 2484 1148 2514 est.
1183 2480 1348 2525 Ktitzing
1373 2481 1438 2514 has
1458 2492 1526 2515 nec
1550 2481 1688 2525 pinxit,

166 2549 236 2572 nec
260 2536 500 2579 memoravit:
540 2536 705 2581 speciem
740 2536 840 2570 inter
876 2536 1128 2582 Aglaophylla
1166 2537 1287 2580 <venis
1315 2538 1516 2583 destituta)
1541 2550 1687 2582 quoque

165 2593 391 2629 introduxit.
439 2593 537 2627 Hinc
564 2604 769 2637 synonyma
803 2592 896 2626 mihi
931 2593 1056 2627 (lubia.
1107 2593 1268 2628 Grunow
1304 2593 1469 2638 (Novara
1503 2605 1589 2638 pag.
1627 2596 1686 2638 85)

165 2651 228 2694 qui
257 2651 447 2695 specimen
474 2662 519 2684 ex
543 2651 738 2685 Adriatico
773 2650 918 2694 habuit,
956 2650 1025 2685 hoc
1063 2662 1143 2685 cum
1177 2652 1221 2685 N.
1249 2652 1414 2686 ciliolato
1453 2652 1574 2695 (venis
1602 2663 1687 2687 con-

167 2708 306 2752 spicuis
333 2707 536 2752 instructo)
563 2707 803 2752 comparavit.
853 2707 1062 2751 Specimcn,
1089 2708 1187 2751 quod
1214 2719 1259 2741 ex
1284 2708 1472 2742 atlantico*
1488 2708 1564 2742 vidi
1590 2709 1686 2743 bene

167 2765 379 2806 soriferum,
407 2764 583 2808 speciem,
611 2764 640 2798 si
666 2775 755 2798 vere
780 2764 1041 2808 Nitophyllum
1060 2764 1121 2807 sit,
1139 2765 1184 2799 N.
1205 2765 1367 2799 Gmelini
1385 2764 1591 2808 proximam
1611 2765 1685 2799 evi-

167 2820 388 2854 dentissime
408 2820 529 2855 docet.
557 2821 661 2865 Quod
679 2832 798 2865 genus
817 2820 969 2863 attinet,
988 2822 1188 2856 observare
1208 2822 1314 2856 lubet
1332 2821 1495 2865 speciem
1513 2821 1684 2855 Delesse—
