1757 3114
746 79 1036 130 SQUAMARIEAE.
1568 83 1647 124 373

417 802 582 872 (llum
631 804 724 874 xl.
819 802 1319 881 SQUAMAROEAE.

216 953 336 1008 Algae
367 955 656 997 inarticulatae
702 955 953 1010 globulosae,
999 957 1075 996 aut
1120 955 1276 1008 saepius
1316 955 1645 997 horizontaliter

104 1037 315 1077 expansae,
348 1027 581 1066 crustaceae
613 1025 679 1067 vel
700 1027 1049 1076 membranaceae,
1072 1027 1209 1066 strato
1231 1024 1505 1076 deemnbeafzte,
1527 1023 1645 1066 fron-

103 1091 169 1133 dis
207 1092 510 1146 expansionem
555 1094 869 1135 horizontalem
912 1093 1245 1140 determinante„
1293 1096 1336 1134 et
1367 1094 1644 1136 adscendente

103 1160 341 1201 crassitiem
386 1160 550 1203 frondis
595 1166 842 1215 generante,
888 1161 1146 1215 plerumque
1184 1161 1443 1210 constitutae,
1477 1161 1645 1204 cellulis

103 1243 226 1271 muco
257 1228 412 1283 laxiori
444 1230 644 1271 cohibitis
677 1234 752 1271 aut
783 1230 1064 1272 solidescente
1097 1230 1320 1272 concretis.
1364 1228 1645 1284 Cgsstocarffla

102 1297 146 1338 in
192 1298 471 1340 nematheciis
520 1298 864 1352 superficialibus
909 1299 1092 1349 evoluta,
1138 1299 1521 1341 transformatione
1551 1299 1645 1342 filo-

102 1381 199 1408 rum
229 1367 583 1410 moniliformium
614 1369 871 1410 nemathecii
903 1372 1012 1419 orta,
1035 1368 1203 1423 filisque
1227 1368 1446 1410 sterilibus
1469 1369 1643 1422 stipata,

105 1436 222 1477 intra
252 1437 549 1479 membranam
582 1437 803 1492 hyalinam
833 1437 895 1479 fili
926 1438 1207 1479 transmutati
1229 1437 1463 1491 gemmidia
1484 1438 1645 1480 articu-

100 1503 224 1545 latim
255 1505 415 1546 seriata
446 1505 663 1546 discoidea
694 1509 770 1546 aut
800 1505 1046 1555 rotundata,
1078 1506 1121 1546 in
1153 1505 1348 1547 articulis
1380 1506 1552 1559 singula
1582 1506 1645 1548 fo-

100 1574 255 1614 ventia.
318 1573 634 1627 Sphaerosporae
665 1588 716 1616 ex
748 1574 944 1616 articulis
975 1574 1148 1615 filorum
1180 1574 1469 1616 consimilium
1500 1578 1643 1617 trans-

102 1642 311 1694 formatae,
344 1643 535 1684 zonatim
567 1647 642 1684 aut
673 1643 897 1684 cruciatim
931 1643 1090 1684 clivisae.

214 1710 280 1751 Ad
314 1724 376 1761 ea,
408 1725 503 1764 quae
536 1712 579 1751 in
610 1711 842 1764 Speciebus
874 1711 1084 1765 Algarum
1116 1712 1168 1753 de
1200 1711 1493 1765 Squamarieis
1517 1711 1643 1753 obve-

99 1778 236 1829 niunt,
268 1779 396 1820 hodie
428 1778 536 1819 nihil
566 1778 656 1819 sere
688 1779 846 1820 certius
880 1779 1040 1820 addere
1071 1780 1300 1833 potuerim.
1362 1779 1644 1834 Cystocarpia

100 1847 241 1889 adhuc
271 1847 315 1888 in
347 1847 495 1900 paucis
526 1850 696 1888 tantum
728 1848 972 1890 Generibus
1004 1849 1191 1901 cognita,
1224 1862 1358 1901 quare
1381 1848 1643 1890 characteri-

103 1916 183 1958 bus
229 1916 405 1958 habitus
437 1921 479 1957 et
510 1920 740 1958 structurae
786 1917 929 1970 potius
976 1917 1251 1959 continentur
1297 1917 1467 1959 Genera
1513 1931 1642 1971 quam

40 2039 43 2041 Β
99 1984 245 2026 indole
292 1984 458 2026 fructus
507 1986 697 2038 proprio.
758 1985 808 2026 In
854 1986 1097 2039 generibus,
1144 2000 1328 2040 quorum
1373 1986 1643 2040 cystocarpia

100 2053 286 2106 cognita„
337 2053 428 2094 haec
476 2053 578 2094 satis
625 2053 851 2095 convenire
898 2054 1109 2095 videntur.
1172 2055 1359 2096 Nucleus
1391 2070 1542 2109 nempe
1574 2070 1640 2110 cy-

102 2122 323 2174 stocarpii‚
356 2135 382 2162 a
412 2121 483 2162 filo
530 2121 786 2163 nemathecii
831 2122 1181 2173 transformatus,
1228 2124 1460 2177 gemmidia
1503 2138 1643 2178 pauca

99 2189 217 2230 intra
247 2190 545 2230 membranam
577 2189 795 2244 hyalinam
826 2190 889 2231 fili
920 2191 1220 2233 transformati
1267 2193 1460 2233 seriatim
1493 2207 1641 2246 super-

100 2257 241 2311 posita
272 2257 397 2298 fovet.
458 2256 641 2300 Nucleos
674 2259 821 2312 itaque
853 2259 1045 2313 singulos
1078 2274 1174 2301 cum
1204 2259 1286 2302 filis
1318 2260 1640 2314 gennnidiifcris

98 2327 215 2367 intra
246 2325 538 2379 pericarpium
570 2326 750 2368 evolutis
789 2325 1296 2380 Sphaerococcoidearum
1327 2329 1640 2381 comparandos

100 2409 270 2445 censeo3
303 2398 434 2448 atque
465 2394 610 2436 fructu
632 2396 694 2436 ita
716 2396 928 2449 explicato
960 2396 1266 2451 Squamarieas
1299 2397 1639 2451 Sphaerococcoi-

100 2463 189 2504 deis
220 2463 452 2516 proximas
486 2463 530 2503 in
561 2477 608 2504 eo
632 2477 731 2505 vero
753 2465 970 2518 praecique
992 2465 1184 2507 diversas
1209 2466 1322 2519 quod
1346 2465 1638 2519 Squamarieae

99 2531 273 2572 nucleos
320 2530 603 2584 simpliciores
649 2536 691 2573 et
729 2533 867 2574 nudos
905 2548 980 2574 seu
1012 2538 1180 2574 tantum
1212 2534 1325 2574 inter
1356 2537 1640 2586 paranemata

100 2599 390 2653 superficialia
420 2604 625 2653 receptos,
650 2601 1062 2654 Sphaerococcoideae
1095 2617 1193 2644 vero
1226 2603 1434 2656 ejusmodi
1465 2602 1638 2645 nucleos

99 2667 308 2721 plurimos
340 2667 588 2721 conjunctos
620 2673 663 2710 et
694 2669 809 2710 intra
840 2670 1130 2723 pericarpium
1161 2674 1356 2724 receptos
1377 2672 1637 2713 contineant.

213 2736 321 2777 Sunt
351 2739 496 2776 tamen
517 2736 723 2778 nonnulla
744 2752 904 2792 genera
925 2738 1052 2780 hodie
1074 2739 1128 2780 ab
1150 2739 1400 2781 auctoribus
1422 2740 1477 2780 ad
1500 2739 1636 2794 Squa-

101 2803 283 2845 marieas
322 2803 472 2855 relata,
513 2818 608 2857 quae
641 2806 784 2859 quoad
816 2806 1125 2861 descriptiones
1157 2811 1199 2849 et
1229 2808 1371 2850 icones
1403 2808 1637 2852 admodum
