1757 3114
76 128 158 168 318
633 103 1019 167 RiiODYMENIAoEAE.
1288 121 1607 180 Glzrysmnema.

76 241 282 282 cellulosa
312 241 451 282 laxior
482 240 526 280 in
551 239 731 293 juvenili
776 237 921 279 fructu
966 236 1116 278 adesse
1161 236 1345 289 videtur,
1392 251 1487 290 quae
1524 236 1608 279 filis

75 310 260 351 ramosis
292 309 361 350 hic
398 308 485 349 illic
531 305 954 349 anastomosantibus
1000 305 1235 346 constituta
1279 309 1355 346 est.
1415 305 1481 347 Ex
1524 305 1609 348 filis

75 378 143 419 his
175 378 390 419 centrales
421 377 568 430 plures
599 377 644 417 in
674 375 890 417 nucleolos
937 374 1153 427 stipitatos
1199 378 1520 425 convertuntur,
1565 376 1611 417 in

75 446 232 499 quibus
265 445 448 499 singulis
487 445 720 499 geminidia
763 456 996 493 numerosa
1041 441 1300 496 conglobata
1344 443 1609 485 evolvuntur.

75 514 126 555 In
156 517 475 555 maturescente
505 512 651 554 fructu
682 511 865 553 nucleoli
896 511 1200 564 adproximati‚
1247 512 1373 565 quasi
1418 512 1612 565 gelatina

76 584 294 625 ambiente
326 582 454 624 simul
486 582 676 632 cohibiti,
709 580 909 622 favellam
940 581 1208 629 mentientes
1231 580 1466 634 aliquando
1488 583 1611 635 quasi

75 651 164 693 lobi
196 651 353 692 diversi
384 650 672 692 fasciculatim
704 664 729 691 a
760 649 892 691 fundo
925 649 1063 690 basali
1095 654 1263 690 exeunt.
1306 651 1488 692 Articuli
1518 652 1611 694 filo-

76 733 172 760 rum
204 720 524 772 praegnantium
557 718 799 772 superiores
830 717 874 757 in
905 717 1139 770 gemmidia
1168 722 1408 769 mutantur,
1438 719 1611 763 inferio-

76 801 146 828 res
178 801 291 842 saepe
322 788 569 842 prolongati
602 788 771 840 stipites
803 786 1098 828 nucleolorum
1129 789 1409 829 constituunt.
1468 790 1612 844 Adpa-

76 860 199 897 ratus
230 856 402 897 filorum
435 856 662 902 ste1²iliun1‚
695 855 851 909 quibus
887 855 1065 896 nucleus
1095 856 1139 896 in
1169 856 1371 899 Fauchea
1401 862 1444 900 et
1474 859 1612 902 Gene-

77 925 199 966 ribus
232 924 431 967 affinibus
463 926 743 967 circumcirca
774 925 974 978 cingitur„
1006 925 1048 965 in
1071 924 1383 980 Chrysymenia
1403 929 1613 983 analogus

79 993 215 1045 adest,
248 993 332 1035 filis
364 994 647 1035 exterioribus
679 1008 705 1034 3
734 993 866 1034 fundo
899 993 1038 1035 basali
1069 994 1124 1034 ad
1156 995 1445 1048 pericarpium
1466 1002 1614 1039 exten—

79 1062 136 1103 sis
168 1063 443 1113 constitutus,
476 1078 573 1104 mox
606 1076 707 1103 vero
737 1063 781 1103 in
812 1066 959 1115 partes
998 1076 1153 1115 parum
1184 1064 1436 1117 conspicuas
1468 1067 1615 1119 saepis-

79 1131 184 1171 sime
215 1131 500 1181 (lilaceratus3
548 1131 592 1171 in
631 1131 927 1184 Rhodymenia
970 1130 1060 1171 fere
1106 1131 1174 1172 hic
1221 1132 1392 1173 omnino
1430 1136 1614 1176 evanuit.

80 1199 269 1241 Nucleus
301 1198 633 1254 Chrysymeniae,
667 1200 701 1240 si
733 1199 906 1253 quidem
938 1200 1155 1242 fasciculis
1200 1200 1399 1254 pluribus
1445 1218 1615 1257 quoque

80 1269 353 1319 constitutus,
388 1269 560 1310 demum
592 1268 774 1322 simplex
806 1268 1156 1317 considerandus,
1188 1269 1513 1322 placentaribus
1535 1271 1616 1313 filis

80 1338 301 1380 sterilibus
332 1338 462 1379 nullis
493 1338 723 1380 fasciculos
755 1337 1071 1390 separantibus,
1095 1338 1222 1379 modo
1243 1338 1615 1394 Rhodophyllidis.

194 1408 330 1448 Frons
361 1407 406 1448 in
436 1406 635 1461 plurimis
666 1406 814 1448 forsan
845 1407 967 1447 initio
1001 1406 1140 1447 solida
1170 1408 1497 1457 consideranda„
1530 1409 1616 1451 dis-

79 1475 278 1529 ruptione
324 1490 423 1517 vero
469 1475 724 1517 cellularum
770 1475 896 1516 strati
941 1475 1159 1516 interioris
1210 1476 1367 1517 sensim
1407 1481 1484 1518 aut
1526 1477 1616 1519 fere

79 1547 172 1585 tota
201 1543 249 1585 fit
279 1543 495 1592 tubulosa,
528 1548 604 1585 aut
635 1543 782 1585 forsan
804 1547 974 1584 tantum
1004 1543 1170 1585 lacunis
1201 1544 1481 1587 interioribus
1509 1546 1610 1599 plus

80 1613 219 1654 minus
264 1613 505 1666 conspicuis
550 1614 776 1663 instructa,
822 1616 897 1653 aut
941 1613 1149 1654 ramentis
1199 1613 1448 1655 vesiculosis
1502 1628 1614 1667 prae-

83 1681 187 1723 dita.
249 1681 357 1722 Hinc
388 1681 553 1722 frondis
586 1685 828 1729 structurae,
861 1695 909 1722 eo
941 1684 1151 1733 respectu,
1184 1695 1269 1722 non
1300 1682 1432 1722 nimia
1457 1683 1519 1723 vis
1539 1683 1618 1723 tri-

82 1750 255 1791 buenda
299 1749 480 1795 videtur,
527 1754 676 1803 utpote
722 1750 863 1791 aetatis
909 1749 1048 1790 stadio
1085 1749 1401 1803 quodammodo
1433 1751 1619 1804 pendeat

81 1818 200 1860 frons
233 1819 371 1860 solida
401 1823 479 1860 aut
499 1818 722 1869 tubulosa3
755 1818 1189 1859 animadvertendum
1215 1822 1358 1859 tamen
1380 1819 1618 1872 specierum

82 1886 352 1929 diversarum
384 1887 575 1928 diversas
608 1901 699 1928 esse
731 1887 809 1927 hoc
842 1893 1041 1940 respectu
1071 1886 1328 1927 tendentias.
1370 1886 1428 1927 Ut
1448 1887 1492 1927 in
1513 1901 1617 1928 non-

82 1955 213 1999 nullis
244 1955 363 1997 frons
396 1957 543 1996 statim
575 1960 617 1996 et
647 1954 736 1996 fere
776 1956 892 1996 omni
937 1954 1076 1996 stadio
1124 1954 1179 1995 sit
1222 1954 1439 2006 tubulosa,
1484 1956 1545 1996 ita
1574 1956 1618 1996 in

83 2024 180 2064 aliis
212 2023 303 2065 fere
334 2023 471 2065 solida
515 2027 781 2077 permaneat.
840 2023 906 2064 Ex
937 2022 1003 2063 his
1049 2021 1317 2063 differentius
1362 2024 1619 2076 proveniunt

82 2091 259 2133 habitus
304 2092 577 2133 diversitates
624 2091 858 2132 admodum
904 2090 1158 2143 conspicuae,
1205 2104 1300 2143 quae
1348 2105 1447 2132 vero
1479 2092 1618 2143 magis

83 2161 306 2214 magisque
340 2161 430 2201 sine
463 2160 596 2202 dubio
628 2160 930 2205 obliterantur„
964 2173 1097 2212 quum
1143 2159 1305 2212 species
1350 2159 1618 2201 diversarum

84 2230 309 2282 regionum
341 2229 479 2282 inagis
509 2229 794 2271 innotescant.
855 2227 1000 2268 Genus
1032 2228 1144 2268 enim
1174 2241 1259 2268 non
1290 2227 1432 2270 minus
1459 2228 1617 2269 forma-

84 2312 180 2338 rum
211 2298 432 2347 varietate,
465 2311 596 2351 quam
628 2297 869 2350 specierum
900 2309 1080 2337 numero
1111 2296 1279 2348 insigne
1309 2311 1413 2347 esse,
1429 2298 1520 2351 jam
1541 2296 1617 2338 ho-

85 2366 153 2407 die
184 2380 404 2408 assumere
434 2366 546 2407 licet.

198 2436 275 2477 His
306 2437 523 2490 praecipue
553 2436 755 2477 insistens
794 2434 971 2476 habitus
1002 2433 1273 2481 differentiis,
1305 2433 1547 2487 subgenera
1575 2434 1619 2474 in

85 2503 204 2558 Spec.
230 2505 374 2557 Algar.
405 2504 589 2553 condidi,
622 2517 717 2557 quae
748 2503 875 2544 hodie
896 2503 1117 2556 paulisper
1137 2502 1264 2544 aliter
1294 2504 1619 2556 circumscripta

86 2577 128 2613 et
150 2574 270 2614 novis
301 2573 478 2627 adjectis
511 2572 736 2614 retinenda
757 2572 917 2625 putavi.
950 2570 1113 2612 Praeter
1135 2570 1399 2612 differentias
1430 2571 1617 2617 habitus,

86 2641 223 2682 adunt
245 2655 416 2696 quoque
437 2642 481 2682 in
512 2641 726 2683 fructibus
747 2639 1097 2690 modificationes,
1121 2639 1278 2692 quibus
1299 2639 1497 2680 insistere
1528 2651 1618 2678 ma-

86 2710 263 2752 luissem
285 2712 323 2752 si
344 2712 534 2752 omnium
555 2711 646 2751 noti
667 2710 848 2751 fuissent
869 2708 1047 2750 fructus.
1088 2708 1156 2749 Ita
1177 2709 1221 2748 in
1244 2706 1458 2749 nonnullis
1479 2711 1618 2761 cysto-

88 2781 237 2831 cai-pia
268 2779 356 2821 fere
388 2781 591 2821 immersa
622 2782 735 2829 sunt,
766 2779 810 2819 in
841 2778 938 2819 aliis
960 2777 1097 2830 magis
1119 2777 1326 2823 eminent3
1357 2776 1401 2816 in
1422 2775 1618 2828 plurimis

88 2846 397 2899 sphwrosporae
428 2848 566 2900 magis
589 2860 771 2900 sparsae3
802 2847 845 2886 in
869 2846 1009 2899 specie
1031 2844 1173 2885 adhuc
1196 2843 1459 2894 indescripta
1489 2842 1616 2883 Novae
