<?xml version="1.0" encoding="UTF-8"?>
<!DOCTYPE html PUBLIC "-//W3C//DTD XHTML 1.0 Transitional//EN"
    "http://www.w3.org/TR/xhtml1/DTD/xhtml1-transitional.dtd">
<html xmlns="http://www.w3.org/1999/xhtml" xml:lang="en" lang="en">
 <head>
  <title>
</title>
<meta http-equiv="Content-Type" content="text/html;charset=utf-8" />
  <meta name='ocr-system' content='tesseract 3.04.00' />
  <meta name='ocr-capabilities' content='ocr_page ocr_carea ocr_par ocr_line ocrx_word'/>
</head>
<body>
  <div class='ocr_page' id='page_1' title='image "./speciesgeneraeto0301agar_0261.png"; bbox 0 0 1757 3114; ppageno 0'>
   <div class='ocr_carea' id='block_1_1' title="bbox 704 184 1653 227">
    <p class='ocr_par' dir='ltr' id='par_1_1' title="bbox 704 184 1653 227">
     <span class='ocr_line' id='line_1_1' title="bbox 704 184 1653 227; baseline -0.003 0"><span class='ocrx_word' id='word_1_1' title='bbox 704 185 1087 227; x_wconf 76' lang='lat' dir='ltr'>NEMATOSPERMEAE.</span> <span class='ocrx_word' id='word_1_2' title='bbox 1573 184 1653 225; x_wconf 73' lang='lat'>245</span> 
     </span>
    </p>
   </div>
   <div class='ocr_carea' id='block_1_2' title="bbox 117 296 1656 1090">
    <p class='ocr_par' dir='ltr' id='par_1_2' title="bbox 118 296 1656 680">
     <span class='ocr_line' id='line_1_2' title="bbox 119 296 1654 347; baseline -0.004 -12"><span class='ocrx_word' id='word_1_3' title='bbox 119 302 228 347; x_wconf 86' lang='lat' dir='ltr'>plura</span> <span class='ocrx_word' id='word_1_4' title='bbox 252 300 513 340; x_wconf 87' lang='lat' dir='ltr'>conniventia;</span> <span class='ocrx_word' id='word_1_5' title='bbox 540 300 704 334; x_wconf 81' lang='lat' dir='ltr'>residuis</span> <span class='ocrx_word' id='word_1_6' title='bbox 731 300 880 334; x_wconf 83' lang='lat' dir='ltr'>filorum</span> <span class='ocrx_word' id='word_1_7' title='bbox 906 299 1143 333; x_wconf 83' lang='lat' dir='ltr'>diversorum</span> <span class='ocrx_word' id='word_1_8' title='bbox 1169 298 1290 334; x_wconf 87' lang='lat' dir='ltr'>adhuc</span> <span class='ocrx_word' id='word_1_9' title='bbox 1313 298 1352 331; x_wconf 91' lang='lat' dir='ltr'>in</span> <span class='ocrx_word' id='word_1_10' title='bbox 1371 297 1516 331; x_wconf 79' lang='lat' dir='ltr'>nucleis</span> <span class='ocrx_word' id='word_1_11' title='bbox 1545 296 1654 330; x_wconf 70' lang='lat' dir='ltr'>semi—</span> 
     </span>
     <span class='ocr_line' id='line_1_3' title="bbox 118 353 1656 401; baseline -0.003 -10"><span class='ocrx_word' id='word_1_12' title='bbox 118 357 274 392; x_wconf 83' lang='lat' dir='ltr'>maturis</span> <span class='ocrx_word' id='word_1_13' title='bbox 312 357 514 400; x_wconf 85' lang='lat' dir='ltr'>aliquando</span> <span class='ocrx_word' id='word_1_14' title='bbox 557 357 785 401; x_wconf 80' lang='lat' dir='ltr'>conspicuis.</span> <span class='ocrx_word' id='word_1_15' title='bbox 834 355 969 390; x_wconf 89' lang='lat' dir='ltr'>Nuclei</span> <span class='ocrx_word' id='word_1_16' title='bbox 1006 355 1160 398; x_wconf 76' lang='lat' dir='ltr'>maturi,</span> <span class='ocrx_word' id='word_1_17' title='bbox 1201 358 1239 389; x_wconf 87' lang='lat' dir='ltr'>et</span> <span class='ocrx_word' id='word_1_18' title='bbox 1275 354 1340 388; x_wconf 82' lang='lat' dir='ltr'>fila</span> <span class='ocrx_word' id='word_1_19' title='bbox 1376 353 1656 399; x_wconf 83' lang='lat' dir='ltr'>gemmidiifcra</span> 
     </span>
     <span class='ocr_line' id='line_1_4' title="bbox 119 411 1655 460; baseline -0.004 -10"><span class='ocrx_word' id='word_1_20' title='bbox 119 415 283 451; x_wconf 87' lang='lat' dir='ltr'>nondum</span> <span class='ocrx_word' id='word_1_21' title='bbox 309 415 578 450; x_wconf 86' lang='lat' dir='ltr'>transformata</span> <span class='ocrx_word' id='word_1_22' title='bbox 604 415 741 460; x_wconf 65' lang='lat' dir='ltr'>saepius</span> <span class='ocrx_word' id='word_1_23' title='bbox 775 414 940 459; x_wconf 81' lang='lat' dir='ltr'>plurima</span> <span class='ocrx_word' id='word_1_24' title='bbox 977 414 1117 447; x_wconf 84' lang='lat' dir='ltr'>adsunt</span> <span class='ocrx_word' id='word_1_25' title='bbox 1149 413 1187 446; x_wconf 91' lang='lat' dir='ltr'>in</span> <span class='ocrx_word' id='word_1_26' title='bbox 1215 413 1347 447; x_wconf 78' lang='lat' dir='ltr'>eodeni</span> <span class='ocrx_word' id='word_1_27' title='bbox 1384 423 1505 451; x_wconf 85' lang='lat' dir='ltr'>ramo;</span> <span class='ocrx_word' id='word_1_28' title='bbox 1545 411 1655 445; x_wconf 88' lang='lat' dir='ltr'>semi-</span> 
     </span>
     <span class='ocr_line' id='line_1_5' title="bbox 118 470 1655 516; baseline -0.004 -9"><span class='ocrx_word' id='word_1_29' title='bbox 118 472 255 507; x_wconf 87' lang='lat' dir='ltr'>maturi</span> <span class='ocrx_word' id='word_1_30' title='bbox 280 473 406 507; x_wconf 87' lang='lat' dir='ltr'>nuclei</span> <span class='ocrx_word' id='word_1_31' title='bbox 431 473 550 507; x_wconf 87' lang='lat' dir='ltr'>multo</span> <span class='ocrx_word' id='word_1_32' title='bbox 577 473 756 515; x_wconf 78' lang='lat' dir='ltr'>rariores,</span> <span class='ocrx_word' id='word_1_33' title='bbox 784 482 898 516; x_wconf 88' lang='lat' dir='ltr'>quare</span> <span class='ocrx_word' id='word_1_34' title='bbox 926 470 1225 505; x_wconf 74' lang='lat' dir='ltr'>subdivisionem</span> <span class='ocrx_word' id='word_1_35' title='bbox 1252 470 1510 512; x_wconf 78' lang='lat' dir='ltr'>articulorum,</span> <span class='ocrx_word' id='word_1_36' title='bbox 1536 472 1579 502; x_wconf 88' lang='lat' dir='ltr'>ut</span> <span class='ocrx_word' id='word_1_37' title='bbox 1599 479 1655 502; x_wconf 88' lang='lat' dir='ltr'>se-</span> 
     </span>
     <span class='ocr_line' id='line_1_6' title="bbox 118 526 1654 574; baseline -0.003 -11"><span class='ocrx_word' id='word_1_38' title='bbox 118 530 190 563; x_wconf 85' lang='lat' dir='ltr'>mel</span> <span class='ocrx_word' id='word_1_39' title='bbox 215 529 418 574; x_wconf 72' lang='lat' dir='ltr'>inceperit,</span> <span class='ocrx_word' id='word_1_40' title='bbox 445 529 606 563; x_wconf 85' lang='lat' dir='ltr'>celerius</span> <span class='ocrx_word' id='word_1_41' title='bbox 632 528 776 574; x_wconf 89' lang='lat' dir='ltr'>perfici.</span> <span class='ocrx_word' id='word_1_42' title='bbox 805 528 961 562; x_wconf 85' lang='lat' dir='ltr'>credere</span> <span class='ocrx_word' id='word_1_43' title='bbox 980 528 1106 562; x_wconf 86' lang='lat' dir='ltr'>liceat.</span> <span class='ocrx_word' id='word_1_44' title='bbox 1156 528 1247 561; x_wconf 79' lang='lat' dir='ltr'>Haec</span> <span class='ocrx_word' id='word_1_45' title='bbox 1273 527 1399 561; x_wconf 88' lang='lat' dir='ltr'>omnia</span> <span class='ocrx_word' id='word_1_46' title='bbox 1423 526 1463 560; x_wconf 90' lang='lat' dir='ltr'>in</span> <span class='ocrx_word' id='word_1_47' title='bbox 1488 526 1654 559; x_wconf 87' lang='lat' dir='ltr'>Dudres-</span> 
     </span>
     <span class='ocr_line' id='line_1_7' title="bbox 118 583 1655 631; baseline -0.003 -10"><span class='ocrx_word' id='word_1_48' title='bbox 118 598 214 631; x_wconf 85' lang='lat' dir='ltr'>naya</span> <span class='ocrx_word' id='word_1_49' title='bbox 239 590 277 620; x_wconf 90' lang='lat' dir='ltr'>et</span> <span class='ocrx_word' id='word_1_50' title='bbox 302 586 585 621; x_wconf 84' lang='lat' dir='ltr'>Dumontiaceis</span> <span class='ocrx_word' id='word_1_51' title='bbox 611 586 666 620; x_wconf 84' lang='lat' dir='ltr'>ita</span> <span class='ocrx_word' id='word_1_52' title='bbox 691 584 942 631; x_wconf 76' lang='lat' dir='ltr'>congruentia</span> <span class='ocrx_word' id='word_1_53' title='bbox 958 585 1050 628; x_wconf 75' lang='lat' dir='ltr'>vidi,</span> <span class='ocrx_word' id='word_1_54' title='bbox 1068 587 1111 619; x_wconf 87' lang='lat' dir='ltr'>ut</span> <span class='ocrx_word' id='word_1_55' title='bbox 1131 585 1177 619; x_wconf 88' lang='lat' dir='ltr'>de</span> <span class='ocrx_word' id='word_1_56' title='bbox 1196 584 1379 618; x_wconf 88' lang='lat' dir='ltr'>affinitate</span> <span class='ocrx_word' id='word_1_57' title='bbox 1396 583 1530 617; x_wconf 87' lang='lat' dir='ltr'>harum</span> <span class='ocrx_word' id='word_1_58' title='bbox 1549 584 1655 628; x_wconf 90' lang='lat' dir='ltr'>plan-</span> 
     </span>
     <span class='ocr_line' id='line_1_8' title="bbox 118 643 942 680; baseline -0.002 -1"><span class='ocrx_word' id='word_1_59' title='bbox 118 647 240 680; x_wconf 86' lang='lat' dir='ltr'>tarum</span> <span class='ocrx_word' id='word_1_60' title='bbox 266 644 330 678; x_wconf 86' lang='lat' dir='ltr'>vix</span> <span class='ocrx_word' id='word_1_61' title='bbox 356 644 449 678; x_wconf 85' lang='lat' dir='ltr'>mihi</span> <span class='ocrx_word' id='word_1_62' title='bbox 475 644 727 679; x_wconf 85' lang='lat' dir='ltr'>dubitandum</span> <span class='ocrx_word' id='word_1_63' title='bbox 754 643 942 678; x_wconf 84' lang='lat' dir='ltr'>videatur.</span> 
     </span>
    </p>

    <p class='ocr_par' dir='ltr' id='par_1_3' title="bbox 117 697 1656 976">
     <span class='ocr_line' id='line_1_9' title="bbox 206 697 1655 746; baseline -0.003 -11"><span class='ocrx_word' id='word_1_64' title='bbox 206 700 291 735; x_wconf 87' lang='lat' dir='ltr'>Fila.</span> <span class='ocrx_word' id='word_1_65' title='bbox 316 700 510 745; x_wconf 86' lang='lat' dir='ltr'>descripta</span> <span class='ocrx_word' id='word_1_66' title='bbox 535 700 814 746; x_wconf 82' lang='lat' dir='ltr'>gemmidiifera</span> <span class='ocrx_word' id='word_1_67' title='bbox 838 700 878 734; x_wconf 86' lang='lat' dir='ltr'>in</span> <span class='ocrx_word' id='word_1_68' title='bbox 905 698 1067 733; x_wconf 78' lang='lat' dir='ltr'>diversis</span> <span class='ocrx_word' id='word_1_69' title='bbox 1095 700 1301 745; x_wconf 80' lang='lat' dir='ltr'>generibus</span> <span class='ocrx_word' id='word_1_70' title='bbox 1330 701 1419 733; x_wconf 89' lang='lat' dir='ltr'>sunt</span> <span class='ocrx_word' id='word_1_71' title='bbox 1444 701 1508 732; x_wconf 86' lang='lat' dir='ltr'>aut</span> <span class='ocrx_word' id='word_1_72' title='bbox 1532 697 1655 743; x_wconf 80' lang='lat' dir='ltr'>longi-</span> 
     </span>
     <span class='ocr_line' id='line_1_10' title="bbox 118 755 1656 802; baseline -0.003 -9"><span class='ocrx_word' id='word_1_73' title='bbox 118 770 193 802; x_wconf 79' lang='lat' dir='ltr'>ora,</span> <span class='ocrx_word' id='word_1_74' title='bbox 221 761 284 792; x_wconf 88' lang='lat' dir='ltr'>aut</span> <span class='ocrx_word' id='word_1_75' title='bbox 309 758 496 792; x_wconf 87' lang='lat' dir='ltr'>breviora.</span> <span class='ocrx_word' id='word_1_76' title='bbox 548 758 618 793; x_wconf 85' lang='lat' dir='ltr'>Ubi</span> <span class='ocrx_word' id='word_1_77' title='bbox 644 758 819 792; x_wconf 87' lang='lat' dir='ltr'>breviora</span> <span class='ocrx_word' id='word_1_78' title='bbox 850 756 1087 802; x_wconf 84' lang='lat' dir='ltr'>(Dumontia)</span> <span class='ocrx_word' id='word_1_79' title='bbox 1106 756 1230 790; x_wconf 86' lang='lat' dir='ltr'>minus</span> <span class='ocrx_word' id='word_1_80' title='bbox 1250 756 1467 800; x_wconf 80' lang='lat' dir='ltr'>conspicua:</span> <span class='ocrx_word' id='word_1_81' title='bbox 1493 755 1557 790; x_wconf 87' lang='lat' dir='ltr'>ubi</span> <span class='ocrx_word' id='word_1_82' title='bbox 1576 756 1656 789; x_wconf 91' lang='lat' dir='ltr'>lon-</span> 
     </span>
     <span class='ocr_line' id='line_1_11' title="bbox 117 812 1656 862; baseline -0.003 -11"><span class='ocrx_word' id='word_1_83' title='bbox 117 817 223 862; x_wconf 82' lang='lat' dir='ltr'>giora</span> <span class='ocrx_word' id='word_1_84' title='bbox 249 819 289 849; x_wconf 87' lang='lat' dir='ltr'>et</span> <span class='ocrx_word' id='word_1_85' title='bbox 314 816 418 850; x_wconf 84' lang='lat' dir='ltr'>vario</span> <span class='ocrx_word' id='word_1_86' title='bbox 443 816 554 850; x_wconf 88' lang='lat' dir='ltr'>modo</span> <span class='ocrx_word' id='word_1_87' title='bbox 581 818 738 850; x_wconf 86' lang='lat' dir='ltr'>curvata</span> <span class='ocrx_word' id='word_1_88' title='bbox 763 815 985 859; x_wconf 72' lang='lat' dir='ltr'>adspectum</span> <span class='ocrx_word' id='word_1_89' title='bbox 1012 814 1066 847; x_wconf 77' lang='lat' dir='ltr'>ita</span> <span class='ocrx_word' id='word_1_90' title='bbox 1097 813 1169 847; x_wconf 80' lang='lat' dir='ltr'>sibi</span> <span class='ocrx_word' id='word_1_91' title='bbox 1201 813 1396 858; x_wconf 84' lang='lat' dir='ltr'>proprium</span> <span class='ocrx_word' id='word_1_92' title='bbox 1429 816 1467 847; x_wconf 88' lang='lat' dir='ltr'>et</span> <span class='ocrx_word' id='word_1_93' title='bbox 1493 813 1539 847; x_wconf 89' lang='lat' dir='ltr'>ab</span> <span class='ocrx_word' id='word_1_94' title='bbox 1566 812 1656 847; x_wconf 88' lang='lat' dir='ltr'>alio-</span> 
     </span>
     <span class='ocr_line' id='line_1_12' title="bbox 119 869 1655 918; baseline -0.003 -11"><span class='ocrx_word' id='word_1_95' title='bbox 119 886 201 908; x_wconf 89' lang='lat' dir='ltr'>rum</span> <span class='ocrx_word' id='word_1_96' title='bbox 228 873 401 908; x_wconf 77' lang='lat' dir='ltr'>ordinum</span> <span class='ocrx_word' id='word_1_97' title='bbox 430 873 503 907; x_wconf 80' lang='lat' dir='ltr'>filis</span> <span class='ocrx_word' id='word_1_98' title='bbox 531 872 821 918; x_wconf 77' lang='lat' dir='ltr'>genimidiiferis</span> <span class='ocrx_word' id='word_1_99' title='bbox 862 871 1024 905; x_wconf 87' lang='lat' dir='ltr'>alienum</span> <span class='ocrx_word' id='word_1_100' title='bbox 1064 871 1241 913; x_wconf 70' lang='lat' dir='ltr'>offerunt,</span> <span class='ocrx_word' id='word_1_101' title='bbox 1275 874 1317 904; x_wconf 88' lang='lat' dir='ltr'>ut</span> <span class='ocrx_word' id='word_1_102' title='bbox 1343 870 1405 904; x_wconf 84' lang='lat' dir='ltr'>vix</span> <span class='ocrx_word' id='word_1_103' title='bbox 1430 882 1505 904; x_wconf 93' lang='lat' dir='ltr'>non</span> <span class='ocrx_word' id='word_1_104' title='bbox 1526 869 1655 904; x_wconf 87' lang='lat' dir='ltr'>statim</span> 
     </span>
     <span class='ocr_line' id='line_1_13' title="bbox 117 929 1250 976; baseline -0.003 -10"><span class='ocrx_word' id='word_1_105' title='bbox 117 930 402 976; x_wconf 76' lang='lat' dir='ltr'>conspiciantur</span> <span class='ocrx_word' id='word_1_106' title='bbox 428 934 541 974; x_wconf 80' lang='lat' dir='ltr'>atquc</span> <span class='ocrx_word' id='word_1_107' title='bbox 568 931 767 965; x_wconf 81' lang='lat' dir='ltr'>admodum</span> <span class='ocrx_word' id='word_1_108' title='bbox 794 929 1001 973; x_wconf 80' lang='lat' dir='ltr'>peculiaria</span> <span class='ocrx_word' id='word_1_109' title='bbox 1028 929 1250 973; x_wconf 85' lang='lat' dir='ltr'>adpareant.</span> 
     </span>
    </p>

    <p class='ocr_par' dir='ltr' id='par_1_4' title="bbox 117 984 1655 1090">
     <span class='ocr_line' id='line_1_14' title="bbox 206 984 1655 1029; baseline -0.002 -8"><span class='ocrx_word' id='word_1_110' title='bbox 206 988 277 1022; x_wconf 91' lang='lat' dir='ltr'>Hic</span> <span class='ocrx_word' id='word_1_111' title='bbox 303 988 438 1022; x_wconf 85' lang='lat' dir='ltr'>ductus</span> <span class='ocrx_word' id='word_1_112' title='bbox 466 987 836 1021; x_wconf 74' lang='lat' dir='ltr'>considerationibus</span> <span class='ocrx_word' id='word_1_113' title='bbox 869 988 910 1019; x_wconf 91' lang='lat' dir='ltr'>ut</span> <span class='ocrx_word' id='word_1_114' title='bbox 937 984 1105 1019; x_wconf 83' lang='lat' dir='ltr'>Ordines</span> <span class='ocrx_word' id='word_1_115' title='bbox 1137 986 1572 1029; x_wconf 77' lang='lat' dir='ltr'>Nematospermearum7</span> <span class='ocrx_word' id='word_1_116' title='bbox 1599 996 1655 1019; x_wconf 90' lang='lat' dir='ltr'>se-</span> 
     </span>
     <span class='ocr_line' id='line_1_15' title="bbox 117 1044 1585 1090; baseline -0.003 -10"><span class='ocrx_word' id='word_1_117' title='bbox 117 1045 212 1080; x_wconf 86' lang='lat' dir='ltr'>riem</span> <span class='ocrx_word' id='word_1_118' title='bbox 240 1045 505 1090; x_wconf 86' lang='lat' dir='ltr'>subpropriam</span> <span class='ocrx_word' id='word_1_119' title='bbox 533 1044 754 1088; x_wconf 49' lang='lat' dir='ltr'>efficientem,</span> <span class='ocrx_word' id='word_1_120' title='bbox 781 1044 854 1078; x_wconf 89' lang='lat' dir='ltr'>duo</span> <span class='ocrx_word' id='word_1_121' title='bbox 880 1045 1084 1086; x_wconf 76' lang='lat' dir='ltr'>sequentes</span> <span class='ocrx_word' id='word_1_122' title='bbox 1112 1054 1323 1087; x_wconf 86' lang='lat' dir='ltr'>proponere</span> <span class='ocrx_word' id='word_1_123' title='bbox 1350 1054 1460 1077; x_wconf 87' lang='lat' dir='ltr'>ausus</span> <span class='ocrx_word' id='word_1_124' title='bbox 1489 1054 1585 1076; x_wconf 88' lang='lat' dir='ltr'>sum:</span> 
     </span>
    </p>
   </div>
   <div class='ocr_carea' id='block_1_3' title="bbox 117 1163 1654 1433">
    <p class='ocr_par' dir='ltr' id='par_1_5' title="bbox 117 1163 1654 1433">
     <span class='ocr_line' id='line_1_16' title="bbox 117 1163 1654 1224; baseline -0.001 -11"><span class='ocrx_word' id='word_1_125' title='bbox 117 1165 245 1213; x_wconf 84' lang='lat' dir='ltr'>ORDO</span> <span class='ocrx_word' id='word_1_126' title='bbox 283 1165 335 1210; x_wconf 88' lang='lat' dir='ltr'>V.</span> <span class='ocrx_word' id='word_1_127' title='bbox 409 1163 856 1210; x_wconf 79' lang='lat' dir='ltr'>DUDRESNAYEAE</span> <span class='ocrx_word' id='word_1_128' title='bbox 895 1171 1047 1212; x_wconf 83' lang='lat' dir='ltr'>fronde</span> <span class='ocrx_word' id='word_1_129' title='bbox 1093 1169 1337 1217; x_wconf 66' lang='lat' dir='ltr'>articulata,</span> <span class='ocrx_word' id='word_1_130' title='bbox 1375 1170 1445 1211; x_wconf 83' lang='lat' dir='ltr'>axi</span> <span class='ocrx_word' id='word_1_131' title='bbox 1484 1169 1654 1224; x_wconf 76' lang='lat' dir='ltr'>filisque</span> 
     </span>
     <span class='ocr_line' id='line_1_17' title="bbox 229 1237 1654 1297; baseline -0.003 -13"><span class='ocrx_word' id='word_1_132' title='bbox 229 1237 509 1297; x_wconf 85' lang='lat' dir='ltr'>periphericis</span> <span class='ocrx_word' id='word_1_133' title='bbox 542 1242 844 1284; x_wconf 76' lang='lat' dir='ltr'>ramosissimis</span> <span class='ocrx_word' id='word_1_134' title='bbox 876 1242 992 1282; x_wconf 87' lang='lat' dir='ltr'>intra</span> <span class='ocrx_word' id='word_1_135' title='bbox 1030 1240 1262 1294; x_wconf 77' lang='lat' dir='ltr'>gelatinam</span> <span class='ocrx_word' id='word_1_136' title='bbox 1308 1240 1457 1281; x_wconf 82' lang='lat' dir='ltr'>liberis</span> <span class='ocrx_word' id='word_1_137' title='bbox 1498 1240 1654 1281; x_wconf 86' lang='lat' dir='ltr'>consti-</span> 
     </span>
     <span class='ocr_line' id='line_1_18' title="bbox 228 1309 1654 1367; baseline -0.003 -13"><span class='ocrx_word' id='word_1_138' title='bbox 228 1316 342 1361; x_wconf 79' lang='lat' dir='ltr'>tuta3</span> <span class='ocrx_word' id='word_1_139' title='bbox 376 1313 653 1367; x_wconf 84' lang='lat' dir='ltr'>cystocarpiis</span> <span class='ocrx_word' id='word_1_140' title='bbox 685 1312 797 1352; x_wconf 87' lang='lat' dir='ltr'>inter</span> <span class='ocrx_word' id='word_1_141' title='bbox 827 1310 901 1351; x_wconf 85' lang='lat' dir='ltr'>fila</span> <span class='ocrx_word' id='word_1_142' title='bbox 930 1310 1203 1364; x_wconf 88' lang='lat' dir='ltr'>peripherica</span> <span class='ocrx_word' id='word_1_143' title='bbox 1224 1309 1405 1350; x_wconf 82' lang='lat' dir='ltr'>evolutis</span> <span class='ocrx_word' id='word_1_144' title='bbox 1429 1310 1654 1351; x_wconf 82' lang='lat' dir='ltr'>subexter-</span> 
     </span>
     <span class='ocr_line' id='line_1_19' title="bbox 229 1378 1310 1433; baseline -0.004 -10"><span class='ocrx_word' id='word_1_145' title='bbox 229 1382 295 1423; x_wconf 86' lang='lat' dir='ltr'>nis</span> <span class='ocrx_word' id='word_1_146' title='bbox 326 1381 465 1432; x_wconf 69' lang='lat' dir='ltr'>nudis,</span> <span class='ocrx_word' id='word_1_147' title='bbox 500 1380 652 1422; x_wconf 89' lang='lat' dir='ltr'>nucleo</span> <span class='ocrx_word' id='word_1_148' title='bbox 684 1379 1018 1433; x_wconf 86' lang='lat' dir='ltr'>simpliciusculo</span> <span class='ocrx_word' id='word_1_149' title='bbox 1050 1378 1310 1420; x_wconf 87' lang='lat' dir='ltr'>constitutis.</span> 
     </span>
    </p>
   </div>
   <div class='ocr_carea' id='block_1_4' title="bbox 117 1508 1685 1780">
    <p class='ocr_par' dir='ltr' id='par_1_6' title="bbox 117 1508 1685 1780">
     <span class='ocr_line' id='line_1_20' title="bbox 117 1508 1656 1563; baseline 0 -5"><span class='ocrx_word' id='word_1_150' title='bbox 117 1512 245 1558; x_wconf 83' lang='lat' dir='ltr'>ORDO</span> <span class='ocrx_word' id='word_1_151' title='bbox 283 1510 353 1556; x_wconf 75' lang='lat' dir='ltr'>Vl.</span> <span class='ocrx_word' id='word_1_152' title='bbox 427 1508 863 1556; x_wconf 75' lang='lat' dir='ltr'><strong>DUMONTIACEAE</strong></span> <span class='ocrx_word' id='word_1_153' title='bbox 894 1517 1047 1559; x_wconf 81' lang='lat' dir='ltr'>fronde</span> <span class='ocrx_word' id='word_1_154' title='bbox 1085 1517 1300 1563; x_wconf 72' lang='lat' dir='ltr'>continua,</span> <span class='ocrx_word' id='word_1_155' title='bbox 1340 1517 1543 1558; x_wconf 89' lang='lat' dir='ltr'>tubulosa</span> <span class='ocrx_word' id='word_1_156' title='bbox 1581 1521 1656 1558; x_wconf 85' lang='lat' dir='ltr'>aut</span> 
     </span>
     <span class='ocr_line' id='line_1_21' title="bbox 229 1587 1655 1641; baseline -0.001 -13"><span class='ocrx_word' id='word_1_157' title='bbox 229 1588 379 1636; x_wconf 69' lang='lat' dir='ltr'>farcta,</span> <span class='ocrx_word' id='word_1_158' title='bbox 412 1587 626 1641; x_wconf 81' lang='lat' dir='ltr'>adparatu</span> <span class='ocrx_word' id='word_1_159' title='bbox 658 1587 830 1628; x_wconf 85' lang='lat' dir='ltr'>filorum</span> <span class='ocrx_word' id='word_1_160' title='bbox 860 1587 1067 1628; x_wconf 88' lang='lat' dir='ltr'>interiore</span> <span class='ocrx_word' id='word_1_161' title='bbox 1099 1591 1141 1627; x_wconf 88' lang='lat' dir='ltr'>et</span> <span class='ocrx_word' id='word_1_162' title='bbox 1162 1590 1298 1628; x_wconf 86' lang='lat' dir='ltr'>strato</span> <span class='ocrx_word' id='word_1_163' title='bbox 1322 1587 1533 1628; x_wconf 85' lang='lat' dir='ltr'>exteriore</span> <span class='ocrx_word' id='word_1_164' title='bbox 1556 1602 1655 1627; x_wconf 80' lang='lat' dir='ltr'>con-</span> 
     </span>
     <span class='ocr_line' id='line_1_22' title="bbox 228 1655 1685 1711; baseline -0.001 -13"><span class='ocrx_word' id='word_1_165' title='bbox 228 1658 348 1711; x_wconf 85' lang='lat' dir='ltr'>tiguo</span> <span class='ocrx_word' id='word_1_166' title='bbox 380 1657 630 1708; x_wconf 78' lang='lat' dir='ltr'>constituta3</span> <span class='ocrx_word' id='word_1_167' title='bbox 663 1657 942 1711; x_wconf 85' lang='lat' dir='ltr'>cystocarpiis</span> <span class='ocrx_word' id='word_1_168' title='bbox 961 1657 1076 1697; x_wconf 85' lang='lat' dir='ltr'>intra</span> <span class='ocrx_word' id='word_1_169' title='bbox 1093 1656 1289 1697; x_wconf 85' lang='lat' dir='ltr'>frondem</span> <span class='ocrx_word' id='word_1_170' title='bbox 1314 1655 1495 1697; x_wconf 86' lang='lat' dir='ltr'>evolutis</span> <span class='ocrx_word' id='word_1_171' title='bbox 1518 1659 1654 1697; x_wconf 88' lang='lat' dir='ltr'>strato</span> <span class='ocrx_word' id='word_1_172' title='bbox 1681 1703 1685 1709; x_wconf 60' lang='lat'>.</span> 
     </span>
     <span class='ocr_line' id='line_1_23' title="bbox 228 1726 922 1780; baseline 0 -13"><span class='ocrx_word' id='word_1_173' title='bbox 228 1726 499 1780; x_wconf 81' lang='lat' dir='ltr'>peripherico</span> <span class='ocrx_word' id='word_1_174' title='bbox 530 1726 696 1768; x_wconf 83' lang='lat' dir='ltr'>frondis</span> <span class='ocrx_word' id='word_1_175' title='bbox 728 1726 922 1768; x_wconf 84' lang='lat' dir='ltr'>obtectis.</span> 
     </span>
    </p>
   </div>
   <div class='ocr_carea' id='block_1_5' title="bbox 118 1877 1656 2490">
    <p class='ocr_par' dir='ltr' id='par_1_7' title="bbox 118 1877 1656 2490">
     <span class='ocr_line' id='line_1_24' title="bbox 118 1877 1654 1943; baseline 0.002 -17"><span class='ocrx_word' id='word_1_176' title='bbox 118 1877 406 1927; x_wconf 64' lang='lat' dir='ltr'>SUBSERlES</span> <span class='ocrx_word' id='word_1_177' title='bbox 445 1878 498 1927; x_wconf 84' lang='grc' dir='ltr'>Π.</span> <span class='ocrx_word' id='word_1_178' title='bbox 571 1889 674 1930; x_wconf 81' lang='lat' dir='ltr'>Filis</span> <span class='ocrx_word' id='word_1_179' title='bbox 720 1888 1044 1943; x_wconf 78' lang='lat' dir='ltr'>gemmidiiferis</span> <span class='ocrx_word' id='word_1_180' title='bbox 1088 1902 1113 1929; x_wconf 90' lang='lat' dir='ltr'>a</span> <span class='ocrx_word' id='word_1_181' title='bbox 1158 1888 1394 1941; x_wconf 85' lang='lat' dir='ltr'>placentari</span> <span class='ocrx_word' id='word_1_182' title='bbox 1439 1888 1654 1941; x_wconf 86' lang='lat' dir='ltr'>adparatu</span> 
     </span>
     <span class='ocr_line' id='line_1_25' title="bbox 230 1956 1654 2012; baseline 0.001 -15"><span class='ocrx_word' id='word_1_183' title='bbox 230 1959 406 2010; x_wconf 89' lang='lat' dir='ltr'>proprio</span> <span class='ocrx_word' id='word_1_184' title='bbox 438 1958 801 2010; x_wconf 74' lang='lat' dir='ltr'>provenientibus,</span> <span class='ocrx_word' id='word_1_185' title='bbox 841 1957 1373 1999; x_wconf 74' lang='lat' dir='ltr'>dichotomo-fascifflilatis</span> <span class='ocrx_word' id='word_1_186' title='bbox 1405 1956 1654 2012; x_wconf 79' lang='lat' dir='ltr'>subfastigi-</span> 
     </span>
     <span class='ocr_line' id='line_1_26' title="bbox 228 2025 1654 2080; baseline 0.001 -14"><span class='ocrx_word' id='word_1_187' title='bbox 228 2026 322 2075; x_wconf 78' lang='lat' dir='ltr'>atis,</span> <span class='ocrx_word' id='word_1_188' title='bbox 350 2026 614 2079; x_wconf 83' lang='lat' dir='ltr'>juvenilibus</span> <span class='ocrx_word' id='word_1_189' title='bbox 646 2026 929 2080; x_wconf 85' lang='lat' dir='ltr'>cylindraceis</span> <span class='ocrx_word' id='word_1_190' title='bbox 968 2025 1224 2071; x_wconf 72' lang='lat' dir='ltr'>articulatis,</span> <span class='ocrx_word' id='word_1_191' title='bbox 1262 2027 1654 2068; x_wconf 72' lang='lat' dir='ltr'>maturescentibus</span> 
     </span>
     <span class='ocr_line' id='line_1_27' title="bbox 227 2094 1653 2148; baseline -0.001 -12"><span class='ocrx_word' id='word_1_192' title='bbox 227 2094 405 2136; x_wconf 86' lang='lat' dir='ltr'>clavatis</span> <span class='ocrx_word' id='word_1_193' title='bbox 451 2095 495 2135; x_wconf 92' lang='lat' dir='ltr'>in</span> <span class='ocrx_word' id='word_1_194' title='bbox 541 2094 743 2136; x_wconf 87' lang='lat' dir='ltr'>inferiore</span> <span class='ocrx_word' id='word_1_195' title='bbox 789 2109 867 2135; x_wconf 83' lang='lat' dir='ltr'>sua</span> <span class='ocrx_word' id='word_1_196' title='bbox 912 2098 1036 2148; x_wconf 88' lang='lat' dir='ltr'>parte</span> <span class='ocrx_word' id='word_1_197' title='bbox 1082 2094 1361 2135; x_wconf 85' lang='lat' dir='ltr'>articulatum</span> <span class='ocrx_word' id='word_1_198' title='bbox 1403 2094 1653 2148; x_wconf 77' lang='lat' dir='ltr'>adspectum</span> 
     </span>
     <span class='ocr_line' id='line_1_28' title="bbox 231 2162 1656 2216; baseline 0 -12"><span class='ocrx_word' id='word_1_199' title='bbox 231 2164 515 2211; x_wconf 70' lang='lat' dir='ltr'>servantibus.</span> <span class='ocrx_word' id='word_1_200' title='bbox 549 2163 844 2216; x_wconf 85' lang='lat' dir='ltr'>superioribus</span> <span class='ocrx_word' id='word_1_201' title='bbox 877 2163 1073 2204; x_wconf 73' lang='lat' dir='ltr'>articulis</span> <span class='ocrx_word' id='word_1_202' title='bbox 1105 2164 1147 2203; x_wconf 91' lang='lat' dir='ltr'>in</span> <span class='ocrx_word' id='word_1_203' title='bbox 1180 2162 1412 2216; x_wconf 80' lang='lat' dir='ltr'>gemmidia</span> <span class='ocrx_word' id='word_1_204' title='bbox 1448 2164 1656 2216; x_wconf 81' lang='lat' dir='ltr'>pauciora</span> 
     </span>
     <span class='ocr_line' id='line_1_29' title="bbox 227 2231 1653 2285; baseline 0.001 -13"><span class='ocrx_word' id='word_1_205' title='bbox 227 2236 269 2272; x_wconf 90' lang='lat' dir='ltr'>et</span> <span class='ocrx_word' id='word_1_206' title='bbox 299 2232 467 2285; x_wconf 84' lang='lat' dir='ltr'>majora</span> <span class='ocrx_word' id='word_1_207' title='bbox 511 2232 608 2285; x_wconf 86' lang='lat' dir='ltr'>plus</span> <span class='ocrx_word' id='word_1_208' title='bbox 654 2232 794 2273; x_wconf 87' lang='lat' dir='ltr'>minus</span> <span class='ocrx_word' id='word_1_209' title='bbox 840 2245 946 2285; x_wconf 82' lang='lat' dir='ltr'>vage</span> <span class='ocrx_word' id='word_1_210' title='bbox 992 2231 1251 2285; x_wconf 81' lang='lat' dir='ltr'>conglobata</span> <span class='ocrx_word' id='word_1_211' title='bbox 1296 2235 1337 2272; x_wconf 88' lang='lat' dir='ltr'>et</span> <span class='ocrx_word' id='word_1_212' title='bbox 1376 2232 1500 2285; x_wconf 81' lang='lat' dir='ltr'>quasi</span> <span class='ocrx_word' id='word_1_213' title='bbox 1531 2246 1653 2273; x_wconf 89' lang='lat' dir='ltr'>muco</span> 
     </span>
     <span class='ocr_line' id='line_1_30' title="bbox 227 2299 1654 2353; baseline -0.001 -12"><span class='ocrx_word' id='word_1_214' title='bbox 227 2300 415 2341; x_wconf 87' lang='lat' dir='ltr'>cohibita</span> <span class='ocrx_word' id='word_1_215' title='bbox 446 2300 618 2347; x_wconf 80' lang='lat' dir='ltr'>solutis;</span> <span class='ocrx_word' id='word_1_216' title='bbox 650 2300 849 2353; x_wconf 82' lang='lat' dir='ltr'>plurimis</span> <span class='ocrx_word' id='word_1_217' title='bbox 888 2299 972 2340; x_wconf 88' lang='lat' dir='ltr'>filis</span> <span class='ocrx_word' id='word_1_218' title='bbox 1010 2300 1053 2340; x_wconf 89' lang='lat' dir='ltr'>in</span> <span class='ocrx_word' id='word_1_219' title='bbox 1085 2299 1283 2340; x_wconf 88' lang='lat' dir='ltr'>nucleum</span> <span class='ocrx_word' id='word_1_220' title='bbox 1315 2300 1508 2353; x_wconf 81' lang='lat' dir='ltr'>gelatina</span> <span class='ocrx_word' id='word_1_221' title='bbox 1539 2301 1654 2341; x_wconf 90' lang='lat' dir='ltr'>cohi-</span> 
     </span>
     <span class='ocr_line' id='line_1_31' title="bbox 229 2368 1652 2422; baseline -0.001 -12"><span class='ocrx_word' id='word_1_222' title='bbox 229 2369 379 2413; x_wconf 73' lang='lat' dir='ltr'>bitum,</span> <span class='ocrx_word' id='word_1_223' title='bbox 412 2368 553 2410; x_wconf 84' lang='lat' dir='ltr'>frondi</span> <span class='ocrx_word' id='word_1_224' title='bbox 585 2369 835 2410; x_wconf 86' lang='lat' dir='ltr'>immersum</span> <span class='ocrx_word' id='word_1_225' title='bbox 881 2372 957 2409; x_wconf 88' lang='lat' dir='ltr'>aut</span> <span class='ocrx_word' id='word_1_226' title='bbox 1002 2369 1158 2422; x_wconf 64' lang='lat' dir='ltr'>szepius</span> <span class='ocrx_word' id='word_1_227' title='bbox 1203 2369 1320 2409; x_wconf 87' lang='lat' dir='ltr'>intra</span> <span class='ocrx_word' id='word_1_228' title='bbox 1364 2369 1652 2422; x_wconf 80' lang='lat' dir='ltr'>pericarpiuni</span> 
     </span>
     <span class='ocr_line' id='line_1_32' title="bbox 228 2436 1091 2490; baseline -0.002 -13"><span class='ocrx_word' id='word_1_229' title='bbox 228 2436 450 2490; x_wconf 87' lang='lat' dir='ltr'>proprium</span> <span class='ocrx_word' id='word_1_230' title='bbox 481 2440 705 2490; x_wconf 80' lang='lat' dir='ltr'>exceptum</span> <span class='ocrx_word' id='word_1_231' title='bbox 738 2437 1091 2478; x_wconf 79' lang='lat' dir='ltr'>coalescentibus.</span> 
     </span>
    </p>
   </div>
   <div class='ocr_carea' id='block_1_6' title="bbox 116 2514 1655 2964">
    <p class='ocr_par' dir='ltr' id='par_1_8' title="bbox 116 2514 1655 2964">
     <span class='ocr_line' id='line_1_33' title="bbox 168 2514 1654 2559; baseline 0.001 -10"><span class='ocrx_word' id='word_1_232' title='bbox 168 2514 171 2517; x_wconf 81' lang='grc'><strong>’</strong></span> <span class='ocrx_word' id='word_1_233' title='bbox 206 2516 249 2549; x_wconf 92' lang='lat' dir='ltr'>In</span> <span class='ocrx_word' id='word_1_234' title='bbox 275 2515 488 2559; x_wconf 75' lang='lat' dir='ltr'>ordinibus,</span> <span class='ocrx_word' id='word_1_235' title='bbox 515 2516 577 2559; x_wconf 83' lang='lat' dir='ltr'>qui</span> <span class='ocrx_word' id='word_1_236' title='bbox 604 2516 701 2550; x_wconf 86' lang='lat' dir='ltr'>hanc</span> <span class='ocrx_word' id='word_1_237' title='bbox 740 2516 951 2551; x_wconf 85' lang='lat' dir='ltr'>subsericm</span> <span class='ocrx_word' id='word_1_238' title='bbox 989 2516 1242 2557; x_wconf 75' lang='lat' dir='ltr'>constituunt,</span> <span class='ocrx_word' id='word_1_239' title='bbox 1281 2518 1370 2550; x_wconf 87' lang='lat' dir='ltr'>sunt</span> <span class='ocrx_word' id='word_1_240' title='bbox 1408 2515 1563 2550; x_wconf 82' lang='lat' dir='ltr'>frondes</span> <span class='ocrx_word' id='word_1_241' title='bbox 1590 2520 1654 2551; x_wconf 90' lang='lat' dir='ltr'>aut</span> 
     </span>
     <span class='ocr_line' id='line_1_34' title="bbox 118 2573 1655 2617; baseline 0.001 -11"><span class='ocrx_word' id='word_1_242' title='bbox 118 2573 327 2607; x_wconf 60' lang='lat' dir='ltr'>articulatae</span> <span class='ocrx_word' id='word_1_243' title='bbox 355 2575 394 2606; x_wconf 89' lang='lat' dir='ltr'>et</span> <span class='ocrx_word' id='word_1_244' title='bbox 418 2573 502 2616; x_wconf 91' lang='lat' dir='ltr'>plus</span> <span class='ocrx_word' id='word_1_245' title='bbox 529 2573 652 2608; x_wconf 89' lang='lat' dir='ltr'>minus</span> <span class='ocrx_word' id='word_1_246' title='bbox 680 2573 888 2616; x_wconf 58' lang='lat' dir='ltr'>cortffiatae,</span> <span class='ocrx_word' id='word_1_247' title='bbox 915 2576 978 2607; x_wconf 89' lang='lat' dir='ltr'>aut</span> <span class='ocrx_word' id='word_1_248' title='bbox 1004 2573 1193 2607; x_wconf 78' lang='lat' dir='ltr'>continuae</span> <span class='ocrx_word' id='word_1_249' title='bbox 1220 2574 1323 2607; x_wconf 90' lang='lat' dir='ltr'>intus</span> <span class='ocrx_word' id='word_1_250' title='bbox 1351 2574 1552 2617; x_wconf 68' lang='lat' dir='ltr'>tubulosae,</span> <span class='ocrx_word' id='word_1_251' title='bbox 1591 2577 1655 2607; x_wconf 87' lang='lat' dir='ltr'>aut</span> 
     </span>
     <span class='ocr_line' id='line_1_35' title="bbox 116 2629 1654 2675; baseline 0.001 -12"><span class='ocrx_word' id='word_1_252' title='bbox 116 2629 261 2673; x_wconf 82' lang='lat' dir='ltr'>farctae,</span> <span class='ocrx_word' id='word_1_253' title='bbox 288 2640 468 2663; x_wconf 71' lang='lat' dir='ltr'>carnosae.</span> <span class='ocrx_word' id='word_1_254' title='bbox 519 2630 765 2675; x_wconf 83' lang='lat' dir='ltr'>Cystocarpia</span> <span class='ocrx_word' id='word_1_255' title='bbox 790 2633 855 2664; x_wconf 87' lang='lat' dir='ltr'>aut</span> <span class='ocrx_word' id='word_1_256' title='bbox 879 2630 1004 2665; x_wconf 82' lang='lat' dir='ltr'>frondi</span> <span class='ocrx_word' id='word_1_257' title='bbox 1032 2630 1282 2665; x_wconf 83' lang='lat' dir='ltr'>subinnnersa</span> <span class='ocrx_word' id='word_1_258' title='bbox 1306 2631 1391 2674; x_wconf 85' lang='lat' dir='ltr'>plus</span> <span class='ocrx_word' id='word_1_259' title='bbox 1418 2629 1541 2663; x_wconf 89' lang='lat' dir='ltr'>minus</span> <span class='ocrx_word' id='word_1_260' title='bbox 1568 2643 1654 2675; x_wconf 89' lang='lat' dir='ltr'>pro-</span> 
     </span>
     <span class='ocr_line' id='line_1_36' title="bbox 118 2686 1653 2732; baseline 0.001 -12"><span class='ocrx_word' id='word_1_261' title='bbox 118 2687 273 2729; x_wconf 83' lang='lat' dir='ltr'>minula,</span> <span class='ocrx_word' id='word_1_262' title='bbox 300 2689 364 2720; x_wconf 88' lang='lat' dir='ltr'>aut</span> <span class='ocrx_word' id='word_1_263' title='bbox 391 2686 528 2730; x_wconf 81' lang='lat' dir='ltr'>saepius</span> <span class='ocrx_word' id='word_1_264' title='bbox 555 2686 658 2720; x_wconf 84' lang='lat' dir='ltr'>intra</span> <span class='ocrx_word' id='word_1_265' title='bbox 682 2687 936 2732; x_wconf 85' lang='lat' dir='ltr'>pericarpium</span> <span class='ocrx_word' id='word_1_266' title='bbox 968 2687 1163 2732; x_wconf 84' lang='lat' dir='ltr'>proprium</span> <span class='ocrx_word' id='word_1_267' title='bbox 1195 2688 1371 2720; x_wconf 89' lang='lat' dir='ltr'>nucleum</span> <span class='ocrx_word' id='word_1_268' title='bbox 1403 2687 1541 2731; x_wconf 57' lang='lat' dir='ltr'>saepius</span> <span class='ocrx_word' id='word_1_269' title='bbox 1569 2690 1653 2723; x_wconf 86' lang='lat' dir='ltr'>sub-</span> 
     </span>
     <span class='ocr_line' id='line_1_37' title="bbox 119 2743 1652 2790; baseline 0.003 -13"><span class='ocrx_word' id='word_1_270' title='bbox 119 2744 365 2788; x_wconf 86' lang='lat' dir='ltr'>compositum</span> <span class='ocrx_word' id='word_1_271' title='bbox 393 2744 628 2788; x_wconf 77' lang='lat' dir='ltr'>generantia.</span> <span class='ocrx_word' id='word_1_272' title='bbox 678 2746 894 2789; x_wconf 85' lang='lat' dir='ltr'>Adparatus</span> <span class='ocrx_word' id='word_1_273' title='bbox 926 2745 1157 2790; x_wconf 87' lang='lat' dir='ltr'>placentaris</span> <span class='ocrx_word' id='word_1_274' title='bbox 1183 2743 1359 2789; x_wconf 83' lang='lat' dir='ltr'>proprius</span> <span class='ocrx_word' id='word_1_275' title='bbox 1387 2745 1506 2788; x_wconf 77' lang='lat' dir='ltr'>adest,</span> <span class='ocrx_word' id='word_1_276' title='bbox 1535 2757 1555 2778; x_wconf 86' lang='lat' dir='ltr'>a</span> <span class='ocrx_word' id='word_1_277' title='bbox 1581 2757 1652 2789; x_wconf 89' lang='lat' dir='ltr'>quo</span> 
     </span>
     <span class='ocr_line' id='line_1_38' title="bbox 119 2799 1652 2846; baseline 0.003 -13"><span class='ocrx_word' id='word_1_278' title='bbox 119 2799 182 2834; x_wconf 83' lang='lat' dir='ltr'>fila</span> <span class='ocrx_word' id='word_1_279' title='bbox 206 2800 485 2845; x_wconf 82' lang='lat' dir='ltr'>gemniidiifera</span> <span class='ocrx_word' id='word_1_280' title='bbox 509 2801 673 2845; x_wconf 86' lang='lat' dir='ltr'>plurima</span> <span class='ocrx_word' id='word_1_281' title='bbox 698 2814 846 2837; x_wconf 86' lang='lat' dir='ltr'>sursum</span> <span class='ocrx_word' id='word_1_282' title='bbox 873 2806 938 2837; x_wconf 85' lang='lat' dir='ltr'>aut</span> <span class='ocrx_word' id='word_1_283' title='bbox 962 2813 1264 2846; x_wconf 66' lang='lat' dir='ltr'>quoquoversum</span> <span class='ocrx_word' id='word_1_284' title='bbox 1290 2802 1481 2836; x_wconf 82' lang='lat' dir='ltr'>radiantia</span> <span class='ocrx_word' id='word_1_285' title='bbox 1499 2808 1652 2839; x_wconf 84' lang='lat' dir='ltr'>exeunt.</span> 
     </span>
     <span class='ocr_line' id='line_1_39' title="bbox 119 2857 1652 2906; baseline 0.004 -16"><span class='ocrx_word' id='word_1_286' title='bbox 119 2857 202 2891; x_wconf 82' lang='lat' dir='ltr'>Fila</span> <span class='ocrx_word' id='word_1_287' title='bbox 226 2857 488 2903; x_wconf 81' lang='lat' dir='ltr'>gemmidifera</span> <span class='ocrx_word' id='word_1_288' title='bbox 514 2859 728 2903; x_wconf 78' lang='lat' dir='ltr'>articulata,</span> <span class='ocrx_word' id='word_1_289' title='bbox 755 2860 972 2895; x_wconf 81' lang='lat' dir='ltr'>dichotoma</span> <span class='ocrx_word' id='word_1_290' title='bbox 1001 2860 1223 2893; x_wconf 87' lang='lat' dir='ltr'>fasciculata</span> <span class='ocrx_word' id='word_1_291' title='bbox 1248 2864 1286 2894; x_wconf 85' lang='lat' dir='ltr'>et</span> <span class='ocrx_word' id='word_1_292' title='bbox 1311 2859 1523 2905; x_wconf 77' lang='lat' dir='ltr'>fastigiata3</span> <span class='ocrx_word' id='word_1_293' title='bbox 1546 2862 1652 2906; x_wconf 80' lang='lat' dir='ltr'>juve-</span> 
     </span>
     <span class='ocr_line' id='line_1_40' title="bbox 121 2914 1652 2964; baseline 0.004 -16"><span class='ocrx_word' id='word_1_294' title='bbox 121 2914 212 2948; x_wconf 86' lang='lat' dir='ltr'>nilia</span> <span class='ocrx_word' id='word_1_295' title='bbox 236 2914 476 2959; x_wconf 83' lang='lat' dir='ltr'>cylindracea</span> <span class='ocrx_word' id='word_1_296' title='bbox 502 2915 684 2951; x_wconf 86' lang='lat' dir='ltr'>distincte</span> <span class='ocrx_word' id='word_1_297' title='bbox 711 2917 925 2961; x_wconf 78' lang='lat' dir='ltr'>articulata,</span> <span class='ocrx_word' id='word_1_298' title='bbox 952 2917 1141 2952; x_wconf 84' lang='lat' dir='ltr'>adultiora</span> <span class='ocrx_word' id='word_1_299' title='bbox 1164 2917 1285 2962; x_wconf 79' lang='lat' dir='ltr'>magis</span> <span class='ocrx_word' id='word_1_300' title='bbox 1312 2917 1652 2964; x_wconf 84' lang='lat' dir='ltr'>clavato-obovata,</span> 
     </span>
    </p>
   </div>
  </div>
 </body>
</html>
