1762 3036
151 135 228 175 136
708 131 1104 174 CRYPTONEMIACEAE.
1404 133 1684 188 Halymerce'a.

147 247 213 281 103
237 258 257 280 a
274 247 425 291 Harvey
444 247 544 290 data,
562 246 712 291 Halym.
750 246 1074 290 Kallymenioides
1095 245 1247 291 depicta
1264 247 1434 289 videtum
1456 260 1500 282 ex
1516 249 1684 293 descrip-

147 303 251 338 tione
289 315 379 338 vero
416 306 524 348 patet
556 306 750 338 auctorem
776 304 868 338 duas
894 304 1044 347 plantas
1071 314 1193 338 coram
1228 305 1423 347 habuisse;
1451 305 1549 339 dixit
1575 305 1685 339 nimi-

147 372 232 394 rum
268 360 309 393 in
345 359 553 393 individuis
592 360 753 394 diversis
789 372 872 394 esse
905 359 1169 394 diversitatem
1207 363 1245 394 et
1283 362 1394 396 strati
1427 361 1618 396 corticalis
1647 365 1686 396 et

148 415 357 450 interioris.
406 416 449 449 In
477 415 637 460 Synopsi
663 416 827 460 denique
853 416 968 459 Phyc.
996 419 1114 451 austr.
1142 417 1291 461 adjecta
1317 419 1396 453 sub.
1423 430 1484 453 nto
1509 420 1575 452 593
1603 430 1685 463 spe-

148 472 287 507 cimina
322 483 420 507 nova
456 484 477 506 a
516 472 695 508 Cliftonio
732 473 848 508 missa
883 473 1121 518 memoravit,
1168 474 1318 509 ”habitu
1355 475 1434 510 fere
1470 475 1686 521 Nitophylli

149 529 305 574 crispi⁷⁷,
333 541 416 573 quae
442 529 570 564 forsan
597 530 886 575 Chysymeniam
913 533 1101 575 spectant.

238 598 298 632 Ad
322 599 369 632 H.
396 598 743 643 Kallymenioidem
779 599 906 634 forsan
943 600 1144 634 referenda
1180 601 1312 645 planta
1338 602 1509 646 quaedam
1536 602 1687 636 Tasma-

147 655 245 699 nica,
278 655 324 689 ad
351 654 489 690 Orford
515 667 535 690 a
560 656 657 691 Dzna
681 657 875 691 Meredith
900 658 1013 701 lecta,
1040 657 1145 702 cujus
1174 658 1364 702 specimen
1391 659 1470 693 vidi
1495 660 1597 694 ultra
1622 672 1684 704 pe-

148 712 232 746 dale
259 714 297 746 et
322 711 401 746 fere
427 724 534 756 aeque
560 713 691 757 latum,
719 713 850 758 stipite
877 717 1035 749 cuneato
1060 714 1170 749 brevi
1196 726 1324 750 crasso
1350 716 1570 760 praeditum,
1597 729 1686 751 mox

149 780 357 814 expansum
382 769 422 803 in
447 769 626 804 laminam
646 772 842 805 obovatam
862 771 1035 816 margine
1054 772 1275 805 undulatam
1295 775 1333 807 et
1350 772 1500 807 laciniis
1520 774 1686 808 instruc-

147 829 225 860 tam
243 826 431 871 plurimis,
453 838 567 871 supra
583 828 711 862 basem
727 827 988 872 angustiorem
1003 827 1173 862 dilatatls
1190 830 1617 875 sub-palmato-lobatis,
1633 832 1685 865 lo-

145 884 204 918 bis
233 884 423 929 oblongis,
450 885 555 929 apice
581 885 798 919 rotundatis
818 885 1107 921 obtussissimis.
1144 887 1341 932 Margines
1360 887 1560 923 inferiores
1580 889 1687 932 quasi

146 941 351 976 incrassati
379 946 417 977 et
442 942 481 976 in
508 943 624 977 callos
650 942 816 978 minutos
844 944 1123 979 obtusiusculos
1150 944 1212 979 hic
1237 945 1318 979 illic
1356 949 1509 980 exeunt.
1560 946 1687 980 Etiam

151 1010 170 1033 e
199 998 399 1044 superficie
434 999 618 1044 ejusmodi
645 1002 709 1033 aut
733 1000 864 1044 phylla
889 1000 1144 1035 minutissima
1170 1001 1371 1046 provenire
1398 1002 1591 1046 videntur,
1620 1003 1687 1037 sed

150 1056 344 1102 specimen
380 1057 503 1091 visum
533 1057 690 1091 nimium
717 1068 989 1102 compressum,
1014 1060 1114 1093 unde
1142 1059 1187 1093 de
1213 1059 1332 1094 forma
1358 1060 1491 1094 horum
1516 1059 1686 1094 incertus

149 1126 244 1148 sum.
287 1113 500 1158 Structura,
540 1114 571 1148 si
608 1117 737 1159 partes
777 1115 988 1149 exteriores
1026 1119 1064 1151 et
1092 1116 1285 1151 tenuiores
1313 1117 1578 1161 observantur,
1604 1129 1688 1151 cum

147 1171 354 1216 specimine
380 1172 426 1206 H.
454 1172 779 1215 Kallymenioides
813 1173 1038 1217 Harveyano
1077 1177 1134 1208 sat
1159 1175 1255 1209 bene
1283 1174 1480 1215 convenit3
1507 1174 1544 1208 in
1569 1174 1687 1219 parti-

146 1229 216 1263 bus
243 1227 496 1263 adultioribus
523 1232 727 1273 utrumque
756 1233 918 1264 stratum
942 1231 1061 1265 multo
1079 1230 1199 1276 magis
1220 1231 1428 1274 evolutum3
1448 1231 1488 1265 in
1501 1231 1685 1265 interiore

146 1284 211 1319 fila
246 1284 411 1329 plurima
437 1285 692 1320 endochroma
725 1285 803 1320 fere
830 1288 1076 1331 granulosum
1102 1287 1288 1330 foventia3
1317 1291 1479 1322 stratum
1505 1288 1684 1322 cort1cale

148 1342 371 1376 cellularum
399 1342 567 1377 seriebus
594 1342 766 1387 pluribus
793 1354 876 1377 cum
902 1343 1035 1378 fronde
1061 1344 1271 1388 parallelis,
1292 1344 1443 1379 extimis
1463 1345 1543 1379 fere
1562 1345 1603 1378 in
1621 1344 1685 1378 fila

147 1400 290 1443 (tamen
328 1400 572 1446 brevissima)
612 1400 789 1436 evolutis.
828 1421 871 1425 —-
908 1402 1051 1436 Fructu
1087 1402 1220 1447 ignoto
1254 1402 1380 1437 Genus
1406 1402 1534 1437 forsan
1562 1402 1685 1436 adhuc

145 1456 335 1491 incertum
359 1461 524 1492 maneat.

146 1572 184 1613 3.
216 1572 267 1614 H.
301 1572 585 1614 MONARDIANA
630 1574 790 1628 (Mont.
838 1572 980 1628 Crypt.
1027 1573 1125 1627 Azy.
1162 1589 1210 1627 p.
1244 1576 1289 1631 8)
1320 1575 1471 1616 fronde
1503 1588 1685 1616 carnosa

259 1641 391 1695 plana
413 1642 561 1691 sessili,
586 1643 1142 1696 dichotomo-subpahnata,
1165 1644 1396 1697 segmentis
1419 1657 1590 1684 sursum
1611 1657 1683 1684 cu-

259 1712 410 1761 neatis,
443 1712 606 1753 ultimis
637 1712 904 1754 ceranoideis
927 1713 1164 1754 attenuatis
1187 1713 1513 1766 spathulatisve.
1535 1712 1578 1754 J.
1602 1712 1682 1765 Ass.

263 1778 334 1831 Sp.
373 1794 421 1832 2).
468 1781 560 1821 203.
609 1780 744 1822 Mont.
794 1781 861 1822 R.
909 1780 1008 1834 Aly.
1054 1782 1135 1822 tab.
1172 1782 1331 1836 lLfiy.
1365 1783 1401 1822 2.
1438 1782 1566 1823 Kic'tz.
1601 1781 1684 1822 tab.

265 1846 395 1901 Pleyo.
441 1848 528 1895 Vol.
563 1850 610 1889 17
646 1849 728 1890 tab.
760 1850 796 1889 2.
851 1848 1045 1898 Zanard.
1079 1850 1269 1902 Iconoyr.
1295 1849 1378 1891 tab.
1403 1849 1596 1891 LXIII.
1622 1849 1680 1891 H.

262 1930 457 1958 carnosa.
507 1917 637 1958 Kiite.
683 1917 765 1959 tab.
817 1916 946 1970 Phys.
1027 1917 1091 1958 ⁷0l.
1142 1918 1192 1958 16
1238 1918 1319 1959 tab.
1366 1919 1431 1959 98.
1470 1918 1573 1972 (sec.
1605 1917 1685 1959 Za-

262 1983 468 2040 nardini).

413 2065 523 2107 Hab.
556 2066 601 2106 in
632 2065 962 2107 mediterraneo.

148 2221 201 2262 II.
245 2220 500 2262 HALYMENIA
531 2221 629 2275 filis
675 2223 804 2263 strate?
848 2222 1067 2264 interioris
1113 2221 1351 2263 laxioribus
1399 2225 1474 2263 aut
1521 2222 1686 2263 clenmm

262 2289 531 2331 densioribus
562 2289 864 2343 conformibus,
896 2290 1058 2331 cellulis
1089 2291 1218 2332 strati
1238 2290 1452 2331 corticalis
1477 2290 1686 2331 verticali-

262 2361 323 2399 ἵεν
353 2357 560 2411 elonyatz's
591 2358 860 2400 szcbserc'atis.

196 2473 215 2493 ’¹‘
250 2473 421 2515 Fronde
450 2486 500 2514 ex
531 2474 649 2514 teret-0·
679 2486 922 2526 compressa
954 2473 1272 2515 cli-trc’clzotoma
1308 2474 1634 2528 ιςιιῦβσιεΐιῃίαΐα.

150 2577 187 2618 4.
234 2575 285 2617 H.
318 2590 555 2618 DICHOTOMA
601 2577 663 2628 (J.
695 2578 777 2631 Ay.
829 2577 901 2630 Sp.
925 2592 971 2630 2).
1005 2580 1121 2634 211.)
1157 2577 1310 2621 fronde
1342 2579 1508 2621 inferne
1544 2581 1685 2622 caule-

263 2648 418 2695 scente,
461 2659 632 2686 sursum
664 2645 1125 2687 subinflato-tubulosa
1156 2650 1686 2690 membranaceo—carnosa

263 2712 822 2767 dichotomo-decomposita
863 2714 1096 2768 fastigiata,
1130 2716 1359 2769 segmentis
1396 2716 1685 2770 cylindraceo-

265 2781 520 2834 compressis
553 2781 667 2822 infra
699 2781 983 2823 dichotomias
1025 2783 1325 2825 subcuneatim
1357 2783 1560 2833 dilatatis,
1594 2786 1684 2838 api-

264 2850 384 2891 cibus
431 2849 617 2892 breviter
660 2850 926 2892 acuminatis,
963 2849 1108 2904 Chrys.
1143 2851 1374 2893 dichotoma
1405 2850 1448 2894 J.
1481 2850 1562 2903 Agl.
1595 2852 1619 2892 l.
1653 2867 1684 2894 c.
