1757 3114
662 117 1081 159 SPHAEssococcomnAE.
1576 116 1655 157 395

118 230 173 273 (in
199 231 350 277 Tyloto)
371 231 475 278 jugis
500 231 603 267 inter
629 234 780 277 cryptas
813 229 1038 276 prominulis
1077 230 1197 275 magis
1225 228 1378 274 erectis,
1405 229 1504 264 ostia
1528 231 1656 263 tamen

118 291 333 323 extrorsum
358 289 532 334 patentia
556 289 832 334 linquentibus.
868 287 1028 332 Cryptas
1056 286 1148 321 alias
1173 287 1296 332 magis
1323 288 1514 332 patentes,
1535 284 1657 330 jugis-

117 357 189 390 que
214 345 339 380 minus
364 346 588 391 prominulis
616 348 811 391 separatas
849 356 998 389 quoqne
1035 344 1127 378 vidi.
1178 344 1254 387 (Ita
1279 343 1489 378 adultiores
1519 342 1559 376 in
1585 341 1656 386 Ty-

116 403 194 438 loto
220 405 259 437 et
284 402 480 447 plurimas,
508 414 599 447 quas
627 402 854 446 examinavi,
882 402 921 436 in
947 400 1186 445 Gracilaria).
1237 400 1367 435 Stadio
1392 398 1514 445 magis
1543 397 1657 433 senili

115 460 263 495 lobulos
288 461 475 505 placentae
502 460 624 494 minus
652 459 873 505 conspicuos
901 461 939 493 et
964 458 1115 493 omnino
1141 458 1268 494 forsan
1303 458 1576 494 evanescentes
1603 455 1657 490 vi-

117 517 207 552 dere
246 517 404 552 credidi.
452 518 485 552 A
522 518 734 562 parietibus
772 519 991 562 cryptarum
1030 515 1214 550 interiore
1252 516 1374 551 latere
1412 513 1661 550 circumcirca

117 574 332 619 articulata,
370 574 648 621 gemmidiifera
678 573 839 609 invicem
866 572 999 616 libera,
1025 573 1429 617 fasciculam-ramosa,
1466 570 1657 614 breviora,

118 634 258 666 exeunt
274 632 338 666 fila
363 632 532 666 articulis
560 633 789 666 ramulorum
808 630 1072 665 terminalibus
1098 631 1210 675 paulo
1234 629 1441 675 majoribus
1467 627 1656 671 obovatis,

116 688 359 724 inferioribus
393 689 582 735 oblongis,
609 688 794 734 supremis
827 687 1133 732 praecocioribus.
1183 686 1268 721 Fila
1303 685 1584 732 gemmidiifera
1608 684 1655 718 iis

117 745 495 790 Sphaerococcearum
532 745 771 791 potissimum
808 744 959 788 similia,
997 744 1064 779 sed
1101 744 1140 778 in
1186 742 1429 778 Gracilarieis
1467 741 1657 786 breviora,

116 803 238 848 magis
276 815 436 846 ramosa,
463 802 576 837 ramis
615 802 774 848 singulis
811 801 1005 845 brevibus,
1046 804 1084 837 et
1121 800 1259 836 minori
1299 799 1518 835 differentia
1554 799 1658 834 inter

117 858 319 894 articulum
345 870 562 904 supremum
588 862 626 894 et
652 861 800 904 partem
825 858 1057 894 inferiorem.

383 963 683 1017 Disponantur
697 981 705 1005 :

468 1058 496 1112 †
531 1057 851 1111 Sphoerosporis
881 1059 1103 1100 eruciatim
1133 1057 1301 1099 divisis.

121 1136 274 1172 Fronde
298 1137 475 1172 cellulosa
500 1138 610 1182 quasi
632 1138 822 1173 striaturis
846 1137 1062 1181 articulata,
1088 1137 1202 1182 sphoe-

382 1194 547 1238 rosporz's
574 1194 625 1239 (ἓ)
683 1221 1221 1230 ..........
1271 1193 1298 1228 C
1325 1193 1575 1228 CORALLOPSIS.

188 1278 209 1295 „
303 1252 493 1294 continua,
521 1252 759 1286 tcretiuscula
791 1256 859 1287 aut
886 1252 1015 1297 plana,
1051 1252 1210 1297 sphaero-

383 1309 504 1353 sporz's
530 1310 725 1344 cruciatim
748 1309 878 1344 divisis
903 1310 943 1344 in
974 1310 1113 1353 fronde
1149 1310 1214 1345 vix

382 1370 525 1401 mutata
549 1367 692 1411 sparsis
742 1393 1218 1402 .........
1269 1365 1317 1400 CI
1342 1366 1574 1401 GRAcitAmA.

1257 1424 1348 1458 CII?
1376 1424 1635 1459 SARCOCLADIA.

476 1518 533 1572 ††
568 1516 885 1570 Sphccroshorc's
915 1518 1102 1560 aonam»
1132 1518 1300 1559 divisis.

121 1597 271 1632 Fronde
292 1596 411 1642 plana
434 1598 565 1632 stratis
591 1597 732 1632 duobus
757 1600 927 1632 contemta
976 1624 1220 1632 .....
1271 1597 1354 1632 CIII
1380 1596 1552 1631 TrLoTus.

187 1682 209 1699 „
351 1682 373 1698 ‚‚
490 1681 513 1699 ‚‚
587 1655 706 1690 tribus
730 1655 933 1690 constituta
981 1682 1224 1690 .....
1276 1654 1367 1690 CIV.
1396 1654 1586 1689 SARCODIA.

121 1760 320 1809 TRIBUS
358 1759 424 1808 lv.
497 1759 939 1810 SPnAERocosOEAE
961 1770 1044 1813 filis
1065 1771 1390 1825 gemmidiiferis
1412 1784 1438 1812 a
1459 1769 1662 1824 placenta

234 1839 400 1880 elevata
430 1853 542 1892 saepe
565 1840 813 1893 angustiore
844 1840 1122 1881 circumcirca
1143 1840 1430 1891 radiantibus,
1454 1840 1541 1881 ima
1565 1838 1658 1881 basi

233 1908 510 1959 fasciculatis,
554 1907 653 1949 dein
699 1909 1045 1962 simpliciusculis
1092 1923 1224 1963 supra
1264 1909 1454 1962 stipitem
1485 1912 1659 1949 tenuem

236 1977 516 2018 articulatum
562 1976 752 2028 clavatis,
801 1976 984 2019 articulo
1026 1991 1225 2031 supremo
1257 1981 1333 2019 aut
1363 1976 1657 2031 superioribus

237 2045 418 2099 geminis
449 2045 795 2099 praecocioribus,
828 2046 1069 2100 gemmidiis
1094 2045 1509 2099 obovato-oblongis,
1533 2044 1659 2086 emis-

236 2115 292 2157 sis
324 2114 582 2156 rotundatis.

211 2218 296 2253 Fila
320 2218 597 2264 gemmidiifera
622 2220 732 2265 hujus
770 2221 893 2256 tribus
934 2221 1164 2266 adparenter
1203 2220 1391 2266 simplicia
1427 2223 1466 2255 et
1497 2220 1661 2255 invicem

121 2277 273 2312 omnino
299 2276 433 2319 libera,
459 2276 534 2310 ima
558 2280 706 2312 tantum
732 2278 827 2322 basi,
856 2291 938 2313 cum
965 2291 1038 2323 qua
1062 2279 1250 2324 placentae
1276 2278 1484 2321 cohaerent,
1504 2276 1662 2329 ¹fascicu-

120 2333 229 2368 latim
255 2333 470 2378 conjuncta,
498 2337 586 2368 sunt
615 2335 693 2369 fere
720 2335 872 2371 omnino
899 2336 1040 2370 similia
1064 2336 1111 2370 iis
1137 2348 1220 2380 quae
1247 2335 1286 2369 in
1312 2334 1565 2369 Delcsserieis
1597 2335 1661 2369 ob-

125 2390 297 2426 veniunt.
331 2390 514 2425 Placenta
540 2403 627 2426 vero
653 2392 691 2426 in
719 2392 976 2437 Sphaerocceis
1006 2396 1071 2427 aut
1101 2404 1215 2438 supra
1239 2392 1396 2426 fundum
1423 2392 1572 2426 elevata
1597 2393 1662 2426 aut

122 2447 274 2492 oblique
301 2447 552 2491 adscendens,
578 2448 652 2484 filis
679 2450 968 2495 gemmidiiferis
995 2450 1242 2485 circumcirca
1266 2449 1506 2483 radiantibus
1533 2448 1658 2483 obsita

123 2507 194 2538 est.
228 2505 271 2538 In
298 2505 491 2539 nonnullis
517 2505 688 2540 fasciculi
713 2506 862 2542 filorum
887 2507 1171 2553 praegnantium
1197 2506 1382 2543 columnis
1408 2506 1557 2541 filorum
1585 2509 1660 2540 ste-

123 2562 263 2606 rilium,
284 2574 304 2596 a
320 2563 498 2607 placenta
515 2563 561 2597 ad
578 2564 832 2609 pericarpium
851 2565 1035 2609 extensis,
1056 2567 1298 2609 scparanturz
1318 2576 1391 2608 qua
1408 2563 1660 2608 dispositione

123 2620 282 2654 nucleus
302 2621 606 2664 subcompositus
626 2622 815 2665 quandam
834 2635 918 2656 cum
939 2622 1131 2657 Solierieis
1151 2622 1280 2666 prodit
1299 2621 1523 2667 analogiam.
1551 2621 1660 2656 Gem—

123 2677 240 2712 midia
266 2681 391 2712 autem
417 2678 551 2712 horum
578 2679 738 2723 clavata,
765 2680 805 2713 in
832 2679 1004 2714 articulis
1030 2678 1295 2713 terminalibus
1322 2679 1553 2712 ramulorum
1578 2681 1659 2712 tan-

124 2737 205 2768 tum
231 2735 396 2778 evoluta,
423 2734 612 2768 diversam
637 2735 818 2770 familiam
835 2736 1006 2770 indicare
1026 2735 1118 2769 milii
1137 2735 1407 2780 adparucrunt.
1443 2734 1537 2769 Filis
1556 2746 1659 2780 gem-

124 2790 324 2825 midiiferis
352 2790 661 2836 simpliciusculis
687 2792 845 2828 clavatis
874 2792 1177 2838 Sphaerococceae
1205 2803 1226 2826 a
1251 2791 1493 2828 Gracilarieis
1526 2791 1659 2840 digno-
1687 2804 1693 2808 ‘

126 2850 294 2883 scantur.
