1757 3114
127 148 382 191 Eucheuma.
768 146 1010 190 sommum.
1574 147 1650 188 601

119 260 352 306 juvenilibus
378 261 498 306 magis
525 261 713 306 elongatis
738 260 818 295 fere
845 258 1044 303 subulatis‚
1071 259 1323 295 adultioribus
1349 259 1588 295 brevioribus
1616 263 1655 294 et

123 312 391 353 obtusioribus.
440 321 483 354 In
508 318 747 364 capsuligera
771 317 905 351 ramuli
934 317 1099 352 subulati
1125 329 1257 361 parum
1282 316 1420 351 ramosi
1446 315 1547 351 inter
1572 328 1654 351 ver-

122 375 262 411 ticillos
288 377 530 421 proveniunt⁷
555 376 595 410 in
621 376 756 420 quibus
782 374 1019 420 cystocarpia
1045 375 1183 419 saepius
1211 374 1363 421 singula
1387 374 1486 409 infra
1510 373 1654 419 apicem

122 432 394 467 intumescunt.

211 489 299 533 Quae
326 489 476 523 nomine
502 489 647 535 Gigart.
674 488 852 524 isiformis
872 500 892 522 a
910 488 1115 534 Kutzingio
1142 488 1246 533 (Ταῦ.
1267 488 1379 534 Plzyc.
1409 488 1485 523 Vol.
1507 487 1659 522 XVIII

122 547 191 582 tab.
219 548 253 591 7)
281 546 503 592 depingitur
528 559 659 592 parum
685 546 1009 590 characteristica,
1048 558 1116 581 nec
1142 546 1269 582 forsan
1296 547 1441 590 eadem,
1473 548 1607 591 utpote
1634 558 1653 581 e

120 605 214 640 mari
239 605 369 640 Indico
396 608 479 640 orta
504 606 657 641 dicitur.

119 699 155 739 5.
188 697 320 739 EUCH.
352 711 551 739 srmosUM
582 698 659 753 (L.
690 697 830 746 Mam.
855 711 902 751 p.
935 697 1037 753 313)
1074 697 1226 739 fronde
1264 699 1389 740 tereti
1420 698 1651 740 verticilla-

228 766 306 807 tim
337 770 412 808 ant
443 754 615 808 demum
646 767 908 820 adparenter
938 780 1044 820 vage
1076 780 1260 817 ramosa,
1282 767 1414 809 ramis
1436 767 1650 821 elongatis

230 848 573 888 quoquoversum
604 835 838 888 papillosis,
870 835 1041 889 papillis
1077 835 1342 877 verticillatis
1381 836 1537 877 conicis
1578 836 1651 878 de-

229 916 345 943 mum
376 903 540 944 obtusis
572 904 812 958 iterumque
849 902 1082 957 papillosis,
1121 903 1294 956 papillis
1339 903 1383 944 in
1429 903 1653 945 fructifera

200 970 202 973 ’
227 971 491 1013 densissimis
508 972 963 1026 supra-decompositis
981 971 1561 1026 subglomerato-multifidis,
1580 987 1650 1027 cy-

231 1042 457 1094 stocarpiis
490 1042 771 1095 subglobosis.
801 1042 846 1084 J.
878 1041 959 1095 Ay.
998 1041 1068 1094 Sp.
1092 1055 1140 1094 20.
1174 1042 1266 1082 (326.
1311 1041 1413 1083 Fue.
1451 1043 1652 1094 spinosus

230 1108 280 1149 L.
317 1109 449 1151 Turn.
497 1109 614 1152 Hist.
661 1111 742 1152 tab.
792 1112 871 1160 18„
896 1110 1131 1163 Gigyartma
1169 1113 1349 1163 sp'h'zosa
1389 1111 1519 1153 Kz'ctzr.
1568 1112 1650 1153 tab.

232 1176 361 1230 Phyc.
403 1176 487 1220 Vol.
524 1179 713 1222 XVIII
739 1180 821 1222 tab.
853 1182 890 1221 7.
923 1179 975 1222 G.
1007 1180 1226 1233 isiforme‘s
1261 1180 1390 1221 Kz’ztte’.
1422 1179 1538 1221 ihm?

230 1246 338 1289 Hab.
370 1248 413 1288 in
445 1262 602 1290 oceano
634 1249 801 1301 Indico;
834 1264 968 1304 usque
992 1249 1047 1291 ad
1070 1248 1172 1303 Cap.
1197 1249 1236 1291 b.
1263 1249 1362 1303 Spei
1393 1249 1650 1291 descendere

380 1316 548 1357 dicitur.

202 1395 245 1429 In
272 1394 394 1440 Opere
424 1396 496 1431 Die
520 1397 641 1442 Alyen
665 1398 726 1433 des
752 1401 844 1443 trop.
881 1398 1014 1433 Austr.
1055 1399 1200 1433 Sonder
1237 1397 1453 1443 opinionem
1490 1397 1652 1442 protulit

113 1452 266 1497 Species
292 1456 325 1496 5,
351 1465 372 1487 a
395 1465 454 1488 me
480 1454 517 1488 in
555 1455 678 1499 prima
704 1455 870 1490 sectione
909 1456 972 1501 Sp.
1011 1456 1097 1501 Azy.
1132 1468 1170 1500 2).
1207 1456 1274 1489 625
1311 1458 1566 1497 enumeratas⁷
1604 1455 1651 1489 ad

114 1521 225 1543 unam
254 1510 486 1554 eandemque
513 1511 678 1555 speciem
710 1524 794 1546 esse
832 1513 1066 1547 referendas.
1115 1513 1176 1547 Me
1197 1512 1324 1557 judice
1351 1514 1409 1547 hae
1438 1513 1584 1557 species
1612 1515 1652 1546 et

114 1566 398 1601 ramificationis
425 1579 555 1602 norma
581 1569 627 1603 ad
654 1568 824 1604 diversos
851 1572 960 1614 typos
987 1570 1197 1615 pertinent,
1219 1573 1258 1604 et
1276 1569 1547 1614 speciminibus
1566 1581 1649 1614 per-

113 1623 331 1658 fectioribus
359 1625 583 1658 examinatis
609 1625 755 1660 facilius
783 1638 929 1670 quoque
956 1627 1243 1671 dignoscantur.
1294 1626 1383 1670 Quae
1410 1627 1649 1672 potissimum

112 1681 357 1725 conveniunt,
385 1683 429 1717 E.
457 1682 648 1727 spinosum
676 1686 788 1728 atque
815 1685 857 1718 E.
884 1684 1066 1728 isisorme,
1106 1685 1229 1719 stadio
1265 1684 1460 1719 fructifero
1497 1685 1649 1720 omnino

113 1739 265 1774 diversa
290 1739 381 1773 mihi
407 1741 655 1775 obvenerunt.
691 1741 728 1775 Si
746 1741 819 1776 rite
839 1753 1013 1786 auguror,
1040 1742 1164 1776 colore
1191 1754 1338 1786 quoque
1366 1743 1495 1777 statim
1514 1743 1647 1788 digno-

113 1799 279 1839 scantur,
306 1796 345 1830 in
372 1797 491 1840 Eueh,
517 1796 677 1832 isiformi
704 1798 958 1843 pulcherrime
991 1799 1327 1841 corallino-rubr03
1359 1800 1398 1834 in
1424 1801 1468 1835 E.
1495 1800 1648 1845 spinoso

114 1853 504 1899 violaceo-purpureo.

111 1958 200 1980 *Μ*
235 1959 404 2002 Fronde
435 1961 572 2002 sterili
602 1975 652 2003 ec
683 1963 799 2004 tereti
829 1976 1069 2016 compressa
1101 1968 1176 2006 aut
1193 1964 1293 2018 fere
1306 1965 1461 2018 plana,
1483 1980 1510 2006 a
1532 1980 1647 2007 mar-

617 2031 715 2084 yz'nc
745 2031 920 2073 disticho
942 2033 1144 2085 pinnata.

114 2122 151 2162 6.
183 2120 302 2162 EUeH
334 2135 459 2163 snam.
490 2122 557 2176 (J.
589 2122 843 2177 Affi=Sgsmb
871 2138 913 2177 p.
949 2126 1020 2180 17)
1066 2125 1218 2168 fronde
1263 2140 1315 2169 ex
1361 2128 1487 2169 tereti
1532 2142 1646 2169 coni-

227 2203 389 2242 pressa,
422 2204 447 2231 a
477 2192 671 2244 margine
703 2192 914 2246 pinnatim
947 2193 1249 2248 decomposita,
1281 2196 1424 2248 pinnis
1455 2196 1646 2238 distichis

226 2257 564 2311 subregulariter
616 2261 835 2314 oppositis,
890 2263 1106 2315 primariis
1158 2263 1369 2318 elongatis
1419 2264 1540 2306 initio
1594 2279 1645 2306 ex

224 2327 629 2381 tereti-compressis
662 2329 832 2371 demum
863 2330 1090 2373 latioribus
1127 2332 1423 2385 complanatis,
1456 2334 1645 2386 pinnulis

225 2393 447 2437 sterilibus
480 2396 702 2444 subulatis.
736 2399 1015 2453 capsuligeris
1054 2400 1314 2442 abbreviatis
1354 2402 1474 2455 apice
1505 2403 1644 2456 papil-

224 2463 338 2513 losiS‚
385 2464 555 2517 papillis
607 2465 853 2508 divaricatis
899 2467 1014 2509 infra
1059 2469 1200 2522 apices
1246 2470 1644 2525 conice-apiculatis

224 2533 491 2585 eystocarpia
536 2533 662 2585 plura
707 2536 966 2589 gerentibus.
1013 2537 1058 2580 J.
1091 2537 1173 2590 Ay.
1209 2538 1280 2591 Sp.
1308 2553 1351 2592 2).
1385 2540 1476 2581 626.
1512 2540 1642 2584 Euch.

223 2600 472 2642 nodulosmn
503 2601 675 2644 Aresch.
712 2604 840 2658 Plasyc.
873 2619 962 2646 nov.
985 2619 1032 2658 p.
1065 2606 1188 2661 (348)
1219 2608 1284 2648 22.

374 2669 480 2712 Hab.
511 2670 554 2711 in
585 2671 753 2714 Oceano
786 2673 950 2723 Indice;
982 2673 1036 2714 ad
1068 2674 1254 2716 insulam
1302 2676 1494 2719 Mauritii
1538 2679 1642 2733 (Hb.

485 2740 730 2794 Areschoug
742 2741 784 2794 1).

195 2817 427 2852 Affinitatem
453 2818 571 2853 Eueh.
599 2820 771 2855 nodulosi
798 2833 880 2855 cum
918 2824 1049 2856 nostra
1073 2823 1205 2867 planta
1235 2823 1260 2857 1.
1288 2835 1319 2858 c.
1347 2824 1541 2871 descripta
1563 2826 1640 2871 J'am

105 2875 271 2910 suboluit
306 2876 545 2921 Aresch0ug3
583 2877 753 2912 diversas
790 2878 918 2924 posuit
954 2880 1000 2914 ob
1026 2879 1198 2926 papillas.
1247 2880 1474 2917 Differentia
1498 2884 1641 2928 pendet
