1757 3114
147 83 498 137 Phacelocarpus.
751 82 1169 127 SPHAEnoooocomnAE.
1592 85 1672 127 399

255 197 400 238 Genus
430 200 578 238 utrum
609 198 752 251 potius
773 197 818 239 in
839 195 1540 253 vicinia}Sphaerococcoidearum,
1575 211 1672 240 sua-

143 266 343 307 dentibus
373 265 457 307 filis
488 266 827 320 gemmfflifferis,
860 280 916 307 an
947 265 1152 308 Gelidieis
1183 267 1481 320 propinquius,
1505 266 1558 308 ob
1579 266 1672 320 pla-

141 337 309 375 centam
355 347 539 387 superne
584 335 818 388 planatain,
865 335 989 388 quasi
1035 347 1155 375 secus
1190 335 1398 388 parietem
1434 334 1673 388 gemmidii-

139 400 291 453 feram,
323 401 636 455 disponendum
669 406 780 444 esset
809 402 883 444 diu
914 402 1120 444 dubitavi.
1163 403 1504 445 Gemmidiorum
1534 403 1674 446 forma

140 470 303 511 neutris
336 470 443 512 bene
473 471 683 512 convenit.
743 471 924 512 Demum
963 469 1222 525 Nizymeniae
1260 475 1481 514 structura
1510 475 1553 514 et
1582 471 1672 513 Me-

139 538 475 581 lanthaliearum
506 541 751 583 accuratius
797 543 1049 594 comparata
1093 539 1507 594 Sphaerococcoideis
1539 541 1672 595 perti-

139 621 240 649 nere
270 610 431 662 putavi.

138 735 170 776 I.
202 734 479 778 Eucrnnonus
501 736 664 790 fronde
694 736 966 790 complanata
997 736 1173 779 disticlze
1195 738 1479 792 decomposita
1489 751 1504 789 ,·
1517 739 1674 792 pinnis

774 806 1021 859 pectinatis.

137 907 157 929 ³⁵
196 907 353 951 Pinnis
383 907 457 950 αἶα
489 907 640 950 latiore
684 912 843 950 eostam
887 909 1157 962 maryinante
1199 909 1433 961 instructis,
1480 909 1674 952 dentibus

250 977 519 1020 latitudinem
548 976 742 1020 rac-hidis
772 979 836 1020 ita
856 977 1066 1031 formatoe
1096 991 1177 1020 sua
1216 977 1478 1032 Zonyitudine
1508 981 1675 1022 circiter

249 1047 525 1100 aequantibus.

138 1153 173 1193 1.
208 1152 285 1194 ΡΗ.
316 1165 609 1194 coMPLANArth
642 1152 803 1208 (Ηανυ.
851 1152 949 1206 Azy.
995 1156 1130 1196 austr.
1168 1167 1254 1196 exs.
1284 1168 1356 1197 n:0
1388 1155 1490 1211 306)
1520 1154 1673 1197 fronde

247 1221 430 1262 distiche
463 1221 756 1274 decomposita
792 1221 935 1275 pinnis
974 1221 1213 1264 linearibus
1244 1224 1673 1278 pectinato—pinnati-

248 1289 434 1343 partitis,
467 1289 538 1331 ala
569 1290 723 1331 latiore
754 1293 917 1331 costam
953 1291 1226 1344 marginante
1262 1292 1497 1344 instructis,
1534 1292 1673 1334 denti-

248 1358 328 1399 bus
361 1357 635 1400 latitudinem
667 1358 857 1400 rachidis
888 1359 951 1401 ita
979 1358 1177 1402 formatae
1201 1360 1570 1416 suaplongitudine
1591 1363 1673 1404 cir-

249 1426 355 1467 citer
385 1427 659 1480 aequantibus
700 1427 852 1481 planis‚
885 1441 911 1469 a
940 1427 1035 1469 basi
1071 1428 1292 1471 evidenter
1327 1428 1481 1472 latiore
1511 1431 1672 1472 acumi-

248 1496 373 1546 natis,
406 1495 686 1550 oystocarpiis
718 1499 761 1537 et
791 1495 1071 1542 nematheciis
1118 1496 1232 1539 infra
1276 1498 1442 1552 apicem
1480 1498 1673 1541 dentium

249 1564 471 1606 sessilibus
502 1564 760 1606 rotundatis.
793 1564 932 1607 Harv.
969 1565 1097 1620 Phys.
1129 1570 1266 1609 austr.
1298 1568 1382 1609 tab.
1413 1568 1507 1609 252.

399 1633 512 1675 Hab.
545 1633 600 1675 ad
632 1633 735 1675 Nov.
766 1633 1042 1676 Hollandiam
1075 1636 1323 1678 australem.

136 1724 173 1766 2.
205 1724 280 1766 PH.
312 1739 464 1766 ALArus
510 1725 671 1780 (Harv.
716 1727 762 1768 in
813 1726 969 1769 Trans.
1017 1727 1079 1769 Ir.
1126 1727 1262 1771 Acad.
1322 1728 1368 1772 V.
1416 1731 1468 1771 22
1491 1731 1672 1786 12549)

249 1793 400 1835 fronde
446 1794 627 1836 distiche
674 1794 966 1849 decomposita
995 1796 1136 1850 pinnis
1167 1797 1403 1841 linearibus
1434 1800 1671 1852 pectinato-

248 1863 605 1917 pinnatipartitis‚
636 1863 708 1905 ala
744 1865 995 1918 angustiore
1033 1869 1195 1908 costam
1233 1867 1368 1909 latam
1399 1869 1672 1923 marginante

248 1931 484 1983 instructis,
517 1932 718 1974 dentibus
748 1931 1024 1975 latitudinem
1054 1934 1244 1977 rachidis
1275 1935 1338 1977 ita
1366 1935 1563 1979 formatae
1594 1951 1673 1979 sua

250 2000 518 2054 longitudine
549 2001 720 2042 circiter
751 2001 1021 2055 aequantibus
1057 2003 1198 2056 planis
1230 2017 1256 2045 a
1285 2004 1379 2046 basi
1416 2018 1571 2059 parum
1608 2006 1671 2047 la-

247 2068 356 2110 tiore
401 2070 673 2120 acuminatis,
721 2070 1001 2125 cystocarpiis
1046 2072 1287 2114 verrucosis
1318 2076 1361 2115 et
1392 2074 1671 2115 nematheciis

247 2138 491 2180 rotundatis
521 2140 566 2180 in
597 2139 724 2181 dente
754 2143 1044 2182 transmutato
1071 2141 1328 2195 pedicellum
1349 2142 1562 2186 formante
1583 2148 1670 2186 ter-

246 2206 493 2248 minalibus.
526 2206 663 2249 Harv.
700 2207 830 2262 Phys.
862 2212 997 2251 austr.
1032 2208 1133 2264 Syn.
1164 2225 1235 2253 nso
1266 2212 1360 2253 407.

272 2275 379 2317 Hab.
411 2275 466 2317 ad
496 2275 660 2318 Novam
691 2277 969 2319 Hollandiam
1001 2278 1311 2322 occidentalem
1342 2284 1385 2322 et
1416 2282 1667 2323 australem.

135 2377 178 2398 ²³²*
215 2377 373 2420 Pinnis
403 2378 477 2421 αἶα
508 2381 821 2432 angustissima
851 2384 927 2423 aut
956 2382 1077 2424 nulla
1112 2386 1271 2425 costam
1304 2385 1574 2437 nzaryinante
1602 2387 1669 2427 in-

248 2448 435 2498 structi&
479 2448 674 2491 dentibus
718 2449 986 2492 latitudinem
1029 2451 1222 2494 raehidz's
1265 2454 1328 2494 ita
1349 2453 1558 2506 formatae
1588 2467 1670 2495 sua

248 2515 509 2569 Zonyitudine
540 2519 854 2570 superantibus.

136 2605 173 2647 3.
204 2606 280 2648 PH.
312 2606 654 2650 LABILLARDIERII
685 2609 835 2663 (Mert.
866 2612 1014 2666 mser.)
1044 2611 1199 2653 fronde
1230 2612 1411 2655 distiche
1442 2613 1669 2668 decompo-

249 2675 333 2716 sita
363 2675 506 2728 pinnis
535 2675 772 2719 linearibus
810 2679 1360 2732 pectinato-pinnatisectis‚
1398 2681 1469 2723 ala
1503 2681 1669 2724 inferne

248 2742 338 2784 fere
370 2743 502 2795 nulla,
535 2757 718 2797 superne
748 2747 1057 2800 angustissima
1099 2753 1262 2789 costam
1300 2750 1572 2803 marginante
1603 2752 1668 2792 in-

250 2813 438 2864 structis,
470 2811 673 2855 dentibus
704 2815 892 2858 rachidis
924 2817 985 2857 ita
1028 2815 1225 2859 formatae
1269 2818 1545 2862 latitudinem
1590 2834 1670 2862 sua
