1757 3114
99 152 147 192 37
154 152 180 192 4
727 145 1017 193 SQUAMAROEAE.

98 263 269 305 diversa
299 261 549 315 adpareant.
609 259 831 314 Ejusmodi
861 271 994 311 genus
1025 263 1090 300 est
1120 259 1410 315 Dermocarpa
1440 258 1624 301 Crouan.

99 332 240 386 Supra
270 334 455 372 stratum
485 328 750 370 horizontale
794 326 1051 381 proveniunt
1096 328 1349 381 corpuscula
1382 327 1473 370 fere
1511 327 1626 382 pyri-

98 400 267 451 formia,
300 397 532 452 sporangia
562 396 688 447 dicta,
722 409 871 450 sporas
910 395 1120 449 plurimas
1159 396 1248 438 sine
1280 397 1429 438 ordine
1461 396 1627 449 conspi-

99 482 179 510 cuo
223 466 503 520 conglobatas
547 464 663 506 intra
706 464 1004 505 membranam
1048 462 1247 505 foventia.
1313 464 1403 506 Hoc
1448 464 1629 506 ducente

100 536 352 578 charactere
383 533 527 576 Genus
559 532 628 574 vix
666 531 960 587 Squamarieis
1004 530 1279 573 referendum
1323 537 1542 586 putarem3
1575 545 1631 573 an

100 605 244 659 potius
276 600 696 655 Nematospermeis?
757 599 886 641 Aliud
918 603 983 641 est
1013 600 1159 642 Genus
1190 599 1421 641 admodum
1451 601 1630 654 insigne,

101 673 217 728 quod
247 672 418 714 nomine
448 670 729 724 Rhodopeltis
759 670 803 710 in
834 669 950 723 Phyc
997 672 1130 710 austr.
1176 669 1404 723 descripsit
1449 669 1630 723 Harvey.

101 741 209 784 Cum
240 741 372 783 dubio
403 740 482 782 hoc
514 753 685 794 quoque
715 738 770 780 ad
801 737 1105 792 Squamarieas
1137 738 1319 780 ducitur.
1370 738 1436 780 Ex
1467 737 1634 792 analysi

101 811 206 853 data
237 809 505 865 cystocarpia
535 808 676 861 potius
707 821 804 848 cum
834 807 885 848 iis
916 806 1417 848 Helminthocladearum
1448 805 1635 860 analoga

102 879 366 933 suspicarer3
398 876 569 931 Harvey
599 889 769 930 quoque
800 875 951 917 eadem
982 874 1161 917 Scinaiae
1193 875 1430 916 subsimilia
1460 875 1635 916 indicat.
1700 889 1701 893 ¹

217 946 281 989 Sit
310 946 445 1000 igitur
474 949 523 985 ut
553 957 724 998 genera,
757 957 852 997 quae
883 943 1009 984 hodie
1047 942 1338 996 Squamarieis
1376 942 1635 993 referuntur,

102 1016 256 1058 habitu
287 1018 329 1057 et
360 1012 578 1055 crescendi
608 1012 734 1054 modo
765 1013 901 1066 magis
946 1012 1143 1066 analoga,
1190 1025 1321 1066 quam
1367 1025 1463 1053 vere
1494 1010 1639 1053 affinia

102 1088 279 1139 postera
309 1083 399 1125 dies
431 1082 615 1124 docebit.
656 1082 842 1129 Interea,
864 1081 967 1122 dum
988 1081 1259 1122 innotescant
1288 1080 1466 1131 fructus,
1496 1081 1639 1133 potius

103 1154 149 1195 in
180 1166 315 1194 unum
346 1150 541 1193 ordinem
572 1163 732 1204 genera
775 1149 957 1191 forsitan
1004 1149 1144 1190 minus
1190 1148 1335 1189 affinia
1380 1148 1639 1202 conjungere

105 1222 252 1274 malui,
285 1233 416 1275 quam
448 1219 500 1261 de
531 1217 740 1260 affinitate
766 1218 931 1272 judicia
961 1217 1242 1271 proclamare,
1265 1231 1359 1271 quae
1382 1217 1637 1270 suppositio-

105 1290 233 1333 nibus
264 1289 442 1331 incertis
472 1287 599 1330 hodie
630 1290 800 1328 tantum
830 1285 1013 1328 fundare
1045 1286 1157 1327 licet.

372 1392 544 1434 Genera
573 1391 882 1444 disponantur:

107 1499 307 1549 TRIBUS
343 1498 378 1547 l.
450 1496 736 1546 CRUORIEAE
768 1506 995 1549 frondibus
1027 1505 1215 1560 globosis
1254 1510 1329 1547 aut
1359 1505 1639 1548 horizontali-

220 1583 287 1620 ter
317 1577 531 1631 expansis,
562 1576 646 1617 filis
678 1589 801 1617 muco
830 1575 985 1618 laxiori
1017 1575 1216 1617 cohibitis
1248 1578 1506 1617 constantes.

108 1672 132 1695 *
165 1670 280 1713 Filis
309 1669 480 1712 unicum
512 1672 694 1710 stratum
725 1667 1082 1717 constituentibus,
1114 1667 1312 1709 articulis
1350 1667 1542 1709 omnibus
1573 1668 1640 1709 cle-

457 1751 570 1779 mum
601 1736 925 1790 splioerosporas
956 1736 1244 1778 evolventibus.

112 1820 262 1856 Fronde
284 1818 488 1864 globulosa,
514 1818 779 1862 sphoerosporis
803 1817 995 1852 cruciatim
1019 1817 1149 1852 divisis
1172 1816 1342 1850 LXXXV
1366 1817 1641 1851 ACTINOCOCCUS.

111 1926 153 1947 ²¹⁴*
189 1924 304 1967 Filis
335 1926 518 1965 stratum
548 1922 693 1964 hasale
738 1925 856 1963 tenue
891 1921 1197 1976 formantibus,
1243 1922 1370 1963 strati
1407 1922 1642 1974 superioris

225 1991 421 2034 articulis
444 1992 603 2045 paucis
633 1990 898 2044 subclefinitis
917 1990 964 2032 in
984 1989 1306 2043 spliccrosporas
1327 1990 1640 2031 transmutatis.

114 2082 385 2130 Spliae'rosporis
410 2082 455 2116 ab
479 2081 640 2116 articulo
664 2081 777 2115 medio
794 2080 984 2124 formatis,
1011 2081 1153 2115 crucia-

522 2174 525 2176 ,
673 2138 736 2172 tim
760 2138 890 2172 divisis
940 2164 947 2171 .
997 2164 1005 2171 .
1055 2164 1063 2171 .
1114 2163 1122 2171 .
1170 2137 1361 2171 LXXXVI
1386 2137 1614 2171 Pssmocssms.

251 2225 273 2242 ‚‚
411 2197 452 2231 in
476 2195 620 2231 ramulo
647 2194 796 2229 laterali
826 2194 982 2229 evolutis
1011 2204 1122 2229 zona—

668 2253 731 2286 tim
755 2252 885 2286 divisis
934 2278 940 2285 .
990 2279 999 2295 ,
1051 2277 1058 2285 .
1111 2279 1118 2286 .
1168 2250 1375 2286 LXXXVII
1403 2251 1579 2286 ommium

252 2338 274 2356 ,‚
412 2311 453 2345 in
477 2309 637 2345 articulo
663 2307 850 2343 terminali
872 2309 964 2343 ortis
980 2309 1122 2342 crucia-

669 2367 731 2401 tim
755 2366 884 2400 divisis
945 2392 951 2399 .
1004 2392 1011 2400 .
1062 2392 1069 2400 .
1121 2393 1128 2399 .
1168 2365 1394 2400 LXXXVIII
1422 2366 1649 2400 CONTAmmA.

118 2475 320 2525 TRIBUS
356 2473 415 2523 ΙΙ.
485 2472 841 2528 SutAMARlEAE
857 2481 1083 2524 frondibus
1100 2482 1423 2523 horizontaliter
1440 2481 1649 2533 expansis.

231 2554 314 2596 filis
346 2567 468 2595 muco
502 2553 656 2606 saepius
688 2552 968 2594 solidescente
1000 2552 1228 2601 concretis3
1269 2550 1577 2604 sphaerosporis
1607 2550 1649 2590 in

233 2626 372 2664 strato
404 2621 721 2663 nemathecioso
752 2620 945 2662 evolutis.

122 2702 395 2748 Splioerosporis
419 2711 521 2735 secus
544 2701 704 2745 parietes
728 2703 867 2744 cryptae
890 2699 1062 2733 immersoe

650 2757 838 2801 dispositis
886 2783 893 2789 .
945 2783 951 2789 .
1003 2782 1011 2790 .
1061 2784 1066 2790 .
1115 2754 1303 2789 LXXXIX
1327 2754 1649 2788 HirnENssRAsmiA.

258 2842 280 2860 „
431 2816 472 2850 in
501 2814 734 2849 uematlieciis
768 2812 1065 2858 superficialibus

577 2871 732 2907 evolutis
754 2871 915 2906 zonatini
939 2870 1067 2905 divisis
1113 2869 1175 2904 XC
1201 2869 1470 2903 HAEMATOCELIS.
