1757 3114
145 110 224 149 512
661 107 1160 149 HELMINTHOCLADIACEAE.
1486 108 1674 152 semaia.

257 221 527 263 Dissentiunt
558 225 768 273 praeterea
799 224 996 261 auctores
1029 220 1081 261 de
1113 224 1330 263 structura
1360 222 1511 263 nuclei.
1554 223 1672 265 Mon-

142 294 273 343 tagne
304 290 505 330 nimirum
538 289 735 332 nucleum
767 289 1019 330 membrana
1048 291 1282 332 tenerrima
1312 291 1529 345 diaphana
1549 296 1671 333 tenu-

143 359 285 399 issime
309 357 561 411 punctulata
582 357 647 398 vel
679 358 885 407 areolata,
918 357 1072 398 areolis
1106 357 1350 410 hexagoni-s,
1383 360 1569 400 cinctum
1602 361 1672 401 de-

143 426 323 479 scripsit.
384 425 554 478 Species
599 425 804 480 Algarum
852 426 1054 475 scribens,
1088 426 1175 467 dixi
1221 426 1331 467 hanc
1377 428 1672 469 membranam

143 509 280 548 neque
312 509 337 535 a
368 494 549 549 Harvey,
582 509 658 536 nec
689 509 715 536 a
744 495 975 548 Kiitzingio
1012 494 1262 553 indicatam,
1303 510 1438 550 neque
1478 498 1581 538 mihi
1612 499 1671 539 vi-

143 564 244 605 dere
276 564 516 617 contigisse.
578 563 808 617 Montagne
855 563 952 603 dein
998 564 1040 603 in
1086 562 1254 617 Sylloge
1285 578 1324 617 p.
1366 565 1443 605 437
1492 566 1670 606 eandem

133 632 291 689 =adesse
323 631 553 681 contendit,
587 633 844 673 auctoritate
876 632 1010 673 fretus
1043 631 1259 683 Thuretii3
1291 636 1333 674 et
1365 631 1467 674 Cel:i
1500 634 1670 676 Crouan

140 700 320 741 eandem
351 701 414 741 ita
444 701 713 754 perspicuam
744 701 927 753 pingunt
957 706 1005 741 ut
1036 700 1087 740 de
1124 699 1239 741 illius
1278 703 1506 754 praesentia
1547 703 1669 744 dubi-

140 774 233 810 tare
265 769 333 810 vix
364 769 501 810 liceat.
564 768 630 809 Me
661 774 817 818 tamen,
856 769 1022 810 iteratis
1064 769 1446 821 observationibus,
1488 785 1562 812 nec
1594 771 1669 812 ho-

142 839 209 880 die
240 839 360 880 illam
393 841 617 879 observare
648 838 843 883 valuisse.
891 836 1107 878 confiteor.
1168 837 1216 878 In
1262 838 1439 879 diversis
1476 841 1669 892 specimi-

138 909 261 948 nibus
294 921 405 947 nunc
437 907 607 948 nucleos
640 906 760 948 video
791 907 989 954 minores,
1032 905 1146 946 infra
1191 906 1458 959 superficiem
1504 907 1668 949 frondis

138 990 378 1029 suspensos,
410 975 699 1017 mediantibus
745 974 826 1015 filis
858 974 1017 1027 paucis,
1052 979 1093 1015 et
1132 978 1267 1016 strato
1313 976 1507 1017 corticali
1553 982 1668 1018 arcte

137 1045 376 1099 adpressos,
409 1044 697 1098 periderinate
729 1044 900 1098 hyalino
936 1044 1117 1093 cinctos3
1150 1057 1261 1084 1111110
1294 1044 1464 1086 nucleos
1486 1046 1667 1097 majores

136 1118 178 1154 01
208 1113 463 1166 profundius
494 1112 728 1159 immersos,
767 1111 851 1152 filis
883 1111 1078 1164 plurimis
1109 1111 1350 1153 intertextis
1389 1113 1560 1153 0111111110
1592 1114 1666 1155 ob-

137 1186 285 1224 tectos.
346 1181 447 1223 Haec
478 1181 550 1222 fila
582 1183 695 1222 circa
726 1181 926 1222 nucleum
959 1185 1000 1222 et
1022 1182 1355 1234 carpostoniiuin
1387 1196 1534 1223 versus
1567 1196 1665 1224 con-

138 1251 359 1304 vergentia
398 1254 642 1297 excurrunt,
690 1254 738 1290 ut
775 1250 853 1290 1100
885 1263 910 1290 a
941 1249 1171 1301 Klitzingio
1210 1250 1252 1289 111
1284 1250 1387 1292 Tab.
1421 1251 1471 1290 73
1504 1251 1665 1304 Phyco-

139 1319 264 1372 logiae
297 1319 509 1373 generalis
548 1332 719 1372 quoque
759 1319 964 1371 pingitur.
1027 1318 1272 1360 Fasciculus
1312 1318 1480 1360 filorum
1525 1333 1664 1372 praeg-

134 1389 330 1429 nantium
361 1388 415 1429 ab
447 1387 526 1429 hoc
557 1387 686 1441 plexu
717 1400 888 1440 quoque
925 1387 1029 1428 oriri
1066 1391 1183 1439 puto,
1224 1387 1359 1428 latere
1391 1402 1415 1428 a
1446 1392 1664 1440 carposto-

133 1457 218 1497 mio
250 1460 425 1497 remoto.
486 1455 581 1496 Fila
611 1455 826 1505 intricata,
857 1469 952 1508 quae
998 1455 1195 1496 nucleum
1241 1460 1405 1508 tegunt,
1442 1456 1508 1497 vix
1540 1456 1665 1497 aliter

133 1523 449 1565 consideranda
494 1524 598 1564 mihi
637 1523 860 1576 adparent,
894 1537 1023 1576 quam
1054 1537 1149 1576 quae
1181 1525 1224 1566 in
1257 1523 1665 1565 Heluiinthocladeis

133 1592 313 1646 aliisque
345 1592 543 1633 nucleum
573 1592 781 1633 ambiunt.
825 1592 933 1633 Sunt
964 1595 1132 1632 tantum
1163 1594 1206 1633 in
1238 1592 1408 1634 Scinaia
1438 1607 1549 1633 nunc
1570 1592 1664 1646 plu-

133 1662 244 1701 rima
275 1665 317 1701 et
348 1660 682 1701 intricatissima.
744 1660 897 1701 Utrum
944 1660 1226 1709 diversitates,
1273 1674 1380 1714 quas
1426 1661 1468 1701 in
1508 1661 1592 1701 situ
1624 1665 1665 1701 et

132 1730 430 1783 magnitudine
461 1729 600 1771 nuclei
631 1734 760 1783 atque
792 1731 834 1770 in
865 1731 988 1783 copia
1018 1730 1188 1772 filorum
1220 1730 1499 1771 ambientium
1521 1730 1664 1771 videre

132 1798 307 1844 credidi,
355 1798 605 1839 maturitate
650 1797 816 1839 fructus
863 1799 1089 1851 pendeant,
1124 1812 1178 1839 an
1209 1798 1252 1838 in
1293 1798 1440 1840 formis
1486 1798 1662 1839 diversis

133 1866 376 1916 obveniant,
409 1865 645 1919 dijudicare
678 1880 761 1907 non
792 1867 986 1908 audeam.

135 1948 168 1985 l.
201 1945 265 1986 Sc.
298 1957 555 1985 FURCELLATA
587 1945 747 1998 (Turn.
778 1947 823 1987 in
856 1945 971 1988 Schr.
1003 1946 1156 1988 Journ.
1192 1948 1357 2000 180022.
1380 1947 1480 2001 301)
1512 1946 1661 1988 fronde

242 2013 834 2065 gelatinoso-membranacea
865 2014 1099 2068 cylindrica
1119 2015 1274 2068 aequali
1297 2019 1373 2056 aut
1395 2016 1663 2068 sparsissime

245 2083 736 2128 attenuato-constricta,
783 2082 1284 2137 dichotomo-fastigiata‚
1329 2084 1522 2137 apicibus
1554 2087 1662 2125 atte-

244 2150 387 2190 nuatis
434 2149 610 2190 obtusis.
658 2149 829 2191 Bz'vona,
863 2150 888 2191 l.
919 2165 950 2191 c.
982 2150 1027 2192 J.
1060 2150 1140 2203 As!-
1178 2151 1248 2204 ΒΡ.
1272 2166 1318 2204 p.
1351 2153 1442 2193 422.
1492 2151 1662 2194 Gronau

246 2217 316 2259 Fi,
352 2217 508 2259 Finist.
530 2217 595 2269 pl.
628 2219 690 2257 17.
731 2216 839 2259 Ulva
860 2218 1097 2271 furceZlaz‘a
1133 2219 1263 2262 Turn.
1296 2220 1321 2261 l.
1352 2234 1383 2262 0.
1405 2234 1497 2262 cum
1525 2223 1659 2272 icone3

243 2287 434 2330 Gimzcm.
471 2286 707 2340 furcellata
752 2287 911 2336 Mont.;
946 2287 1079 2329 Harv.
1132 2288 1260 2342 Playe.
1306 2288 1423 2330 Brit.
1468 2290 1551 2330 tab.
1597 2291 1659 2330 (59.

248 2356 377 2397 Kaira.
400 2355 482 2397 tab.
504 2354 631 2409 Phyle·
677 2355 762 2398 Vol.
799 2356 927 2398 XVI
952 2357 1033 2398 tab.
1067 2361 1131 2398 (ἱὸ.
1160 2357 1260 2400 Gm.
1274 2359 1506 2411 pulvinata
1530 2359 1659 2400 Ke'ite.

241 2424 339 2465 ihm.

396 2492 563 2534 Formae
596 2493 700 2534 mihi
732 2498 849 2535 sunt:

127 2564 168 2614 β.
199 2575 416 2602 UNDULATA
447 2561 611 2603 frondis
643 2563 894 2604 membrana
924 2563 1357 2619 undulato-collapsa.
1389 2565 1489 2609 Gz'n.
1520 2567 1656 2609 undu—

242 2629 333 2670 lata
364 2626 499 2671 Movet.
545 2629 642 2683 Voy.
674 2630 787 2673 Bon.
819 2631 900 2673 tab.
934 2633 1024 2673 145.
1044 2634 1120 2687 fiy.
1155 2634 1191 2674 3.
1228 2635 1356 2676 Koite.
1379 2635 1404 2676 Z.
1426 2649 1457 2676 c,
1479 2635 1560 2685 tab,
1592 2637 1656 2676 69.

127 2711 411 2751 y.AthrRAL1s
455 2697 618 2739 frondis
663 2702 911 2741 membrana
955 2699 1155 2752 firmiore,
1200 2702 1282 2742 filis
1325 2703 1656 2745 evidentioribus

239 2765 744 2820 fasciculam-fastigiatis
789 2771 1007 2809 contexta.
1057 2769 1119 2812 Se.
1156 2769 1395 2822 furcellata
1440 2771 1573 2814 Hook.
1620 2776 1658 2813 et

242 2833 379 2875 Harv.
414 2834 482 2877 Fl.
519 2836 624 2878 Nov.
657 2836 743 2878 Zel,
776 2837 845 2879 II.
869 2850 915 2888 p.
947 2838 1039 2878 245.
