1762 3036
81 121 150 162 Ha
159 116 351 173 lymenia.
649 111 1043 155 CRYPTONEMIACEAE.
1534 109 1611 150 139

78 231 209 267 meniae
236 229 426 275 papulosae
453 226 575 261 Mont.
613 226 834 269 identicam,
862 227 993 269 typum
1020 223 1178 258 Generis
1213 222 1500 258 Meristothecae
1527 232 1611 266 pro-

77 289 299 335 posuissem,
338 285 491 319 Grunov
523 285 663 318 iterum
690 284 793 328 (Aly.
823 282 979 317 Ficlsclm'
1003 282 1078 316 Ins.
1100 293 1140 326 p.
1168 282 1226 326 10)
1255 281 1301 315 ad
1328 280 1486 314 eandem
1513 291 1613 323 quae-

78 347 238 382 stionem
262 343 426 387 revenit,
453 343 591 376 iterum
616 341 663 375 H.
690 339 923 385 ceylanicam
948 339 1185 383 Halymeniis
1212 337 1452 372 referendam
1471 348 1612 381 urgens

78 406 207 449 utpote
244 400 479 444 Halymeniis
518 399 643 434 allatis
681 397 905 444 proximam,
945 396 1206 441 suppositione
1251 407 1341 430 vero
1378 394 1478 428 facta
1522 393 1612 427 duas

79 461 220 506 species
248 471 268 493 a
293 459 467 502 Harveyo
495 458 668 493 confusas
695 456 825 499 fuisse,
851 465 1008 498 quarum
1034 454 1115 498 ipse
1135 465 1261 496 unam,
1281 453 1435 488 Grunov
1454 462 1542 485 vero
1562 450 1614 484 al-

77 523 197 553 teram
233 528 357 551 coram
383 516 593 550 habuisset.
644 514 750 558 Quod
782 513 864 546 haec
890 511 1016 546 omnia
1042 511 1197 554 attinet,
1225 510 1370 544 dixisse
1395 508 1524 553 placet
1550 507 1613 541 vix

76 574 281 610 verisimile
307 585 389 607 esse
408 574 624 617 Har-veyum
645 572 736 605 duas
757 569 902 614 species
923 569 1048 603 colore
1069 567 1198 601 statim
1219 565 1511 611 distinguendas
1528 576 1615 598 con-

74 630 230 665 fudisse.
282 630 536 674 Quaecumque
574 629 621 662 ad
656 628 798 672 Beyrut
824 626 924 660 lecta
948 625 1103 659 fuerunt
1129 624 1350 669 specimina,
1377 622 1459 656 haec
1485 632 1613 656 veram

74 689 118 723 H.
157 687 412 732 spathulatam
439 690 478 720 et
503 687 548 720 H.
574 684 799 727 Floresiam,
825 694 884 716 me
906 682 1034 727 judice
1062 681 1261 716 admodum
1296 681 1482 722 diversas,
1510 680 1614 712 certe

74 757 149 780 non
176 745 422 790 conjungant.
456 745 502 778 H.
530 743 702 778 Floresia
727 742 770 777 H.
795 740 995 775 Durvillaei
1023 743 1062 774 et
1086 740 1132 773 H.
1159 739 1323 773 formosa
1355 749 1456 783 aegre
1482 747 1617 771 revera

73 801 354 836 characteribus
387 800 637 847 diagnosticis
667 798 1045 841 circumscribuntur⁷
1072 799 1199 830 tamen
1224 806 1283 829 me
1310 795 1435 829 nullos
1476 793 1615 828 transi-

74 862 135 894 tus
174 859 368 902 hucusque
406 858 548 892 vidisse
580 855 776 891 confiteor.
824 855 867 889 In
898 855 944 888 H.
977 853 1177 888 Durvillaei
1205 855 1243 886 et
1273 852 1320 886 H.
1352 851 1517 886 formosa
1542 850 1616 884 cel-

69 917 164 950 lulas
203 917 402 950 corticales
440 915 560 960 magis
588 914 758 949 evolutas
792 916 829 948 et
860 912 1053 958 longiores
1083 910 1258 955 quam—<in
1284 910 1331 943 H.
1359 909 1532 943 Floresia
1560 908 1613 942 vi-

75 974 164 1008 dere
198 973 358 1008 credidi.
407 973 452 1007 H.
486 971 686 1007 Durvillaei
711 972 826 1006 habet
852 971 1023 1005 frondem
1050 969 1271 1003 inferiorem
1297 966 1503 1002 denticulis
1531 968 1615 1001 bre-

73 1030 241 1065 vissimis
270 1030 585 1074 horizontalibus,
613 1030 719 1074 apice
753 1031 887 1063 obtuso
920 1025 1212 1072 polychotomis,
1247 1025 1422 1068 obsitam,
1451 1025 1551 1068 quod
1576 1024 1615 1058 in

71 1089 116 1122 H.
143 1088 315 1122 Floresia
340 1098 543 1131 numquam
569 1086 661 1129 vidi,
690 1086 781 1120 licet
809 1085 1019 1134 specimina
1050 1083 1214 1128 plurima
1245 1093 1371 1117 coram
1402 1080 1614 1116 habuerim.

71 1145 115 1178 In
142 1145 187 1178 H.
214 1144 378 1178 formosa
403 1147 491 1178 sunt
516 1143 709 1188 margines
748 1142 875 1187 potius
903 1140 1023 1175 eiliati
1056 1140 1205 1174 laciniis
1239 1138 1522 1185 angustissimis
1556 1150 1615 1172 su-

71 1201 224 1236 bulatis.
274 1201 317 1234 In
342 1201 387 1234 H.
414 1200 587 1235 Floresia
613 1204 701 1235 sunt
725 1200 917 1244 margines
945 1197 1199 1244 integerrimi,
1218 1197 1293 1231 nisi
1313 1207 1448 1231 novam
1478 1195 1616 1231 seriem

72 1258 329 1303 pinnellarum
356 1261 551 1301 gerentes.

71 1363 149 1404 ΠΙ.
210 1362 545 1404 HALARACHNION
578 1362 676 1416 filis
721 1364 850 1403 strate?
893 1361 1110 1403 interioris
1148 1360 1408 1410 laxissimas,
1452 1357 1615 1400 cellulis

234 1433 364 1473 strati
395 1431 611 1473 corticellis
643 1445 734 1472 eum
765 1430 985 1484 superficie
1007 1429 1189 1484 frondis
1212 1427 1458 1481 parallelis.

75 1526 138 1566 12.
169 1524 221 1566 H.
253 1538 406 1565 ΡΑΤΕΝε1
439 1523 506 1578 (J.
539 1522 620 1577 Ay.
658 1523 729 1575 Sp.
752 1537 800 1575 1).
832 1523 934 1578 ⁴203)
957 1521 1110 1563 fronde
1133 1519 1614 1575 gelatinoso-membra—

188 1606 321 1634 nacea
351 1591 746 1644 incrassato-plana
778 1591 944 1632 ambitu
978 1589 1202 1630 reniformi
1240 1588 1412 1629 demum
1444 1588 1615 1629 orbicu-

188 1661 271 1702 lari
318 1661 500 1714 repetite
539 1660 797 1710 dichotoma,
831 1658 1061 1713 segmentis
1099 1655 1615 1710 subcuneato-linearibus

189 1743 322 1783 supra
353 1730 471 1771 sinus
509 1729 685 1770 obtusos
718 1727 1088 1781 convergentibus,
1121 1724 1423 1767 terminalibus
1459 1724 1615 1765 dilata-

186 1800 242 1841 tis
282 1799 447 1841 obtusis
486 1803 562 1839 aut
594 1797 888 1852 emarginatss,
922 1797 1132 1837 iterumve
1163 1795 1437 1848 divergenter
1469 1794 1615 1835 subdi-

187 1869 287 1910 visis
335 1894 387 1898 ——
434 1868 539 1909 Cum
587 1867 686 1909 Chr.
728 1866 1038 1921 Halymeniode
1078 1865 1207 1906 Harv.
1240 1878 1452 1905 suminam
1484 1863 1617 1904 habet

188 1938 527 1989 similitudinem,
559 1941 603 1978 at
635 1941 900 1978 structuram
931 1934 1162 1976 diversam!
1213 1933 1269 1975 H.
1293 1937 1453 1986 patens
1485 1932 1615 1974 Killa.

187 2007 268 2048 tab.
307 2006 436 2060 Pltyc.
482 2005 570 2047 Vol.
604 2007 654 2046 16
686 2006 768 2047 tab.
801 2006 855 2046 94
886 2005 955 2046 vix
986 2003 1156 2045 nostra!

339 2074 448 2116 Hab.
479 2075 523 2115 in
554 2074 884 2115 mediterraneo.

77 2190 141 2231 13.
172 2189 223 2230 H.
265 2188 533 2230 SPATHULATA
570 2189 632 2241 (J.
676 2188 757 2242 Ay.
794 2187 891 2240 Alss.
938 2188 1032 2229 mcd
1065 2201 1113 2240 1).
1156 2188 1229 2243 96)
1270 2186 1422 2228 fronde
1463 2186 1614 2239 gelati-

188 2259 646 2300 noso—membranacea
676 2257 1072 2310 incrassato-plana
1104 2257 1303 2310 s'tipitata
1334 2260 1519 2296 cuneata
1540 2260 1615 2296 aut

190 2329 375 2382 oblonga
406 2343 431 2369 a
461 2330 656 2381 margine
688 2329 899 2382 pinnatim
940 2327 1148 2381 prolifera
1179 2326 1483 2380 decomposita⁷
1515 2340 1614 2378 pro-

189 2398 494 2439 lificatiouibus
539 2412 638 2439 mox
683 2396 1144 2450 spathulaeformibus.
1193 2395 1366 2436 demum
1413 2394 1615 2447 oblongo-

191 2465 456 2507 lanceolatis.
517 2465 563 2507 J.
610 2464 692 2518 Ay.
748 2464 819 2517 Sp.
865 2479 912 2518 p.
959 2465 1052 2505 204.
1101 2464 1295 2505 Zamcrd.
1344 2463 1460 2504 Icou.
1507 2461 1616 2503 Adr.

191 2534 272 2576 tab.
306 2533 600 2575 LXXXIII.
639 2534 704 2586 fis).
737 2534 859 2574 3—4.
924 2534 1054 2575 Kritz.
1096 2532 1178 2574 tab.
1229 2530 1356 2584 Phyle.
1416 2529 1503 2572 Vol.
1552 2532 1614 2571 16.

192 2603 274 2644 tal).
308 2603 372 2642 87.

343 2669 453 2712 Hab.
484 2670 538 2711 ad
572 2670 820 2712 Massiliam.

82 2776 144 2816 14.
176 2775 227 2816 H.
260 2787 459 2815 LIGULA'J'A
498 2775 715 2828 (Wooclw.
766 2776 864 2816 Lm.
917 2775 1072 2816 Trans.
1120 2774 1219 2816 III.
1255 2788 1303 2826 p.
1347 2775 1420 2829 54>
1462 2774 1614 2816 fronde

174 2842 787 2897 -gelatinoso-membranacea
816 2841 1210 2897 incrassato-plana
1232 2842 1428 2897 stipitata
1451 2842 1613 2899 simpli-
