1757 3114
122 104 201 144 432
680 103 1098 145 SPHAEROCOCCOIDEAE.
1307 103 1650 158 Callibleplvaria

234 230 316 270 que
350 215 659 268 marginalibus
683 216 837 267 obsita,
861 216 1023 269 duplici
1045 219 1182 258 strato
1204 219 1454 267 constituta3
1486 217 1650 258 cellulis

233 284 722 337 rotundato-angulatis,
771 285 1050 326 interioribus
1095 284 1482 338 longitudinalibus
1532 299 1651 338 mag-

234 354 311 402 nis,
361 351 636 393 corticalibus
692 353 947 406 subsingula
994 353 1103 394 serie
1149 354 1379 406 dispositis.
1455 353 1651 395 Coccidia

234 422 388 474 saepius
420 421 462 460 in
508 422 739 474 segmentis
788 421 1100 474 marginalibus
1147 421 1313 462 sessilia
1343 422 1649 474 subsphaerica,

234 490 349 530 intra
378 490 667 543 pericarpium
699 489 962 537 cellulosum‚
1003 489 1173 530 demum
1211 491 1495 543 carpostomio
1527 504 1650 543 aper-

233 562 338 607 tum,
361 557 558 598 nucleum
580 557 815 611 simplicem
838 557 1041 614 foventia3
1074 557 1147 598 fila
1169 558 1484 612 gemmidiifera
1514 571 1540 598 a
1561 557 1652 611 pla-

233 630 357 667 centa
387 625 591 668 cellulosa
622 627 718 680 plus
751 627 889 668 minus
922 627 1088 668 elevata
1130 628 1408 668 circumcirca
1439 627 1652 678 exeuntia,

234 695 321 735 ima
352 695 447 737 basi
476 694 762 736 fascioulatim
793 696 1030 749 conjuncta,
1064 696 1162 736 dein
1189 700 1281 737 tota
1303 696 1481 736 invicem
1502 695 1653 743 libera,

235 763 540 816 subsimplicia,
574 778 705 817 supra
736 764 926 817 stipitem
963 768 1135 805 tenuem
1166 763 1443 805 articulatum
1474 764 1653 814 clavata,

231 832 275 872 in
306 832 488 874 articulo
529 847 728 886 supremo
774 834 1006 886 gemmidia
1050 833 1449 887 obovato-oblonga,
1482 833 1651 874 demum

234 901 480 953 rotundata,
512 901 710 943 foventia.
773 901 1087 954 Sphoerosporoe
1124 902 1166 942 in
1197 902 1291 955 ipsa
1320 901 1471 943 fronde
1503 906 1578 942 aut
1608 902 1651 941 in

237 970 468 1022 segmentis
500 970 810 1024 marginalibus
841 970 1036 1023 plurimae
1059 970 1260 1021 collectae,
1284 971 1470 1011 zonatim
1491 970 1648 1011 divisae.

235 1073 462 1115 Structura
492 1075 746 1128 cystocarpii
778 1074 1088 1129 Rhodophyllis
1121 1079 1163 1116 et
1194 1073 1538 1127 Calliblepharis,
1568 1074 1651 1114 alio

119 1147 318 1195 respectu
364 1156 522 1194 genera
567 1142 796 1193 simillima,
844 1143 1061 1185 differunt.
1122 1144 1170 1184 In
1204 1143 1513 1196 Calliblephari
1559 1142 1650 1195 pla-

119 1214 245 1251 centa
276 1210 447 1257 basalis,
481 1225 652 1252 sursum
675 1215 716 1251 et
737 1211 945 1252 lateribus
977 1211 1191 1252 fasciculis
1223 1211 1392 1252 filorum
1424 1224 1651 1263 praegnan-

119 1280 229 1320 tium
262 1284 435 1330 onusta3
468 1280 542 1321 fila
572 1280 665 1333 ipsa
696 1281 875 1321 invicem
907 1281 1079 1321 omnino
1111 1281 1261 1325 libera,
1294 1293 1425 1332 supra
1463 1279 1651 1331 stipitem

118 1351 291 1388 tenuem
324 1348 505 1399 clavata,
538 1348 831 1401 subsimplicia
861 1349 904 1389 in
935 1349 1118 1389 articulo
1163 1349 1375 1402 superiori
1420 1347 1651 1401 gemmidia

118 1416 327 1465 foventia3
362 1416 592 1470 gemniidia
624 1421 670 1457 ut
702 1417 871 1457 videtur
904 1419 1059 1458 sensim
1107 1418 1306 1459 deorsum
1352 1421 1534 1461 matura,
1581 1431 1650 1456 su-

118 1499 268 1538 prema
300 1485 483 1526 obovata
513 1490 588 1527 aut
618 1485 706 1526 fere
738 1478 1001 1540 pyriformia„
1034 1487 1189 1527 emissa
1219 1485 1485 1535 rotundiora,
1519 1485 1649 1526 limbo

119 1553 293 1595 articuli
326 1554 580 1608 plerumque
608 1556 847 1608 conspicuo,
871 1569 1006 1608 genus
1028 1555 1180 1596 eximie
1203 1554 1649 1608 Sphaerococcoideum

120 1621 315 1662 suadent.
1419 1627 1421 1629 ’

120 1762 150 1802 I.
187 1761 356 1804 Fronde
378 1761 767 1815 prolfflcatz‘onibus
795 1764 1069 1813 amarescente,
1106 1765 1299 1815 maraine
1334 1762 1649 1814 inteqrivmeula,

440 1831 718 1882 cy.st00a7102·2·s
749 1845 776 1870 (1,
808 1830 970 1872 lamma
1001 1831 1314 1883 emementibus.

127 1950 161 1988 1.
194 1946 266 1991 Q?
298 1960 518 1988 PROLJFERA
550 1947 709 2002 (Harv.
732 1949 782 2001 fl.
821 1949 925 1989 Nov.
958 1949 1045 1990 Zel.
1069 1963 1115 2001 p.
1148 1950 1247 2003 249)
1278 1948 1429 1988 fronde
1451 1961 1650 1989 carnoso-

235 2016 517 2068 cartilaginea
547 2030 675 2069 parce
717 2016 1271 2070 dichotmno-subpalmata,
1305 2020 1345 2057 et
1377 2016 1648 2069 prolificatio-

233 2085 356 2125 nibus
388 2084 594 2137 stipitatis
625 2084 916 2126 conformibus
948 2098 1131 2128 ramosa.
1164 2085 1358 2137 margine
1382 2085 1648 2133 muliuscula,

232 2152 398 2193 laciniis
443 2152 965 2194 subcuneato-lincaribus
1007 2153 1402 2200 sublanceolatisve,
1435 2157 1648 2207 cystocar-

233 2221 312 2274 piis
343 2234 420 2273 per
451 2220 654 2261 laminam
688 2221 848 2272 sparsis
886 2221 1073 2262 elevatis.
1116 2221 1407 2273 Rhodmnem'a
1430 2222 1548 2274 proli
1576 2236 1646 2263 era

234 2287 371 2329 Harv.
404 2288 429 2329 Z.
463 2302 494 2329 c.

384 2357 493 2399 Hab.
525 2357 579 2398 ad
612 2356 775 2399 Novam
806 2357 1068 2399 Zelandiam.

213 2437 374 2472 Habitus
401 2437 479 2471 fere
507 2440 565 2471 est
595 2437 866 2482 Rhodymcniae
904 2438 1112 2482 palmettae,
1151 2437 1385 2482 cystocarpia
1421 2448 1509 2471 vero
1545 2437 1649 2471 nullo

119 2494 229 2529 modo
255 2495 397 2529 habent
424 2497 653 2528 structuram
679 2494 964 2539 Rhodymeniae.
1007 2495 1204 2529 Structura
1228 2494 1372 2529 frondis
1399 2497 1437 2528 et
1462 2497 1647 2538 cystocar-

119 2551 265 2595 piorum
292 2562 374 2584 cum
403 2550 674 2595 Calliblephari
700 2551 871 2595 proxime
897 2551 1086 2585 convenit.
1124 2552 1278 2585 Cellulae
1298 2550 1498 2585 interiores
1518 2554 1646 2585 rotun-

119 2608 432 2654 dato-angulatae,
459 2608 593 2642 mediis
620 2609 838 2653 majoribus,
871 2609 1123 2643 exterioribus
1162 2620 1228 2653 por
1267 2609 1383 2642 series
1409 2619 1544 2652 paucas
1573 2608 1646 2642 dis-

120 2665 255 2709 positis
283 2665 422 2699 sensim
449 2664 670 2699 minoribus.
722 2664 963 2709 Cystooarpia
996 2677 1105 2709 supra
1137 2667 1257 2710 ipsam
1284 2665 1458 2711 paginam
1486 2665 1646 2706 elevata,

116 2723 329 2767 pericarpio
356 2724 507 2758 omnino
526 2734 685 2767 emerso,
705 2723 751 2757 ad
770 2723 1061 2768 oarpostomium
1080 2723 1117 2756 in
1138 2723 1323 2768 apiculum
1342 2723 1539 2767 producto,
1559 2722 1646 2755 duo-

117 2779 186 2813 bus
214 2780 347 2814 strutis
375 2780 599 2823 constituto,
626 2779 808 2814 interiore
834 2780 981 2813 cellulis
1016 2779 1338 2813 suhooncentriois
1375 2778 1645 2822 pluriseriatis,

118 2837 306 2870 exteriore
334 2837 411 2870 fere
437 2837 473 2870 in
502 2837 564 2870 fila
603 2836 797 2871 verticalia
836 2837 998 2871 evoluto.
1048 2836 1228 2870 Places-uta
1253 2848 1270 2869 a
1297 2834 1375 2868 basi
1410 2835 1533 2879 surgit
1558 2846 1643 2869 cen-
