1757 3114
331 710 576 778 SEROES
629 711 720 778 W.
815 709 1448 778 HORMOSPERMEAE.

428 822 474 864 J.
506 822 588 875 Aa·
626 823 697 876 sp.
731 823 827 877 Azy.
872 823 958 865 Vol.
992 824 1055 865 II
1082 825 1117 865 1.
1140 837 1188 877 p.
1222 823 1310 866 IX.

218 925 485 981 Cystocarpii
517 927 599 969 filis
644 927 968 982 gemmidiiferis
1014 931 1090 970 aut
1134 928 1248 969 inter
1278 928 1352 969 fila
1383 928 1641 969 nemathecii

104 995 296 1047 singulis,
329 1000 404 1037 aut
435 1010 460 1037 a
491 996 690 1050 placenta
721 997 876 1051 saepius
907 996 1140 1039 admodum
1172 996 1343 1038 evoluta
1373 995 1553 1037 centrali
1575 996 1641 1037 vel

104 1064 241 1105 basali
272 1064 556 1106 fasciculatim
590 1066 874 1117 radiantibus,
898 1066 1119 1120 superiore
1142 1065 1295 1108 saltem
1316 1069 1440 1119 parte
1461 1066 1641 1107 invicem

105 1133 264 1183 liberis,
297 1133 642 1187 simpliciusculis
688 1138 764 1175 aut
794 1133 1266 1186 fasciculam-ramosis,
1307 1134 1563 1185 articulatis,
1596 1134 1640 1175 in

105 1201 299 1242 articulis
331 1203 625 1255 superioribus
657 1203 932 1256 paucioribus
964 1207 1039 1244 aut
1070 1202 1267 1256 pluribus
1298 1202 1531 1257 gemmidia
1575 1216 1640 1243 sc-

104 1271 229 1321 11313,
277 1271 737 1325 oblongo-rotundam,
783 1272 1104 1326 generantibus.
1137 1299 1190 1303 —
1221 1271 1373 1313 Nuclei
1418 1274 1494 1313 aut
1530 1271 1642 1312 inter

103 1338 178 1381 fila
209 1341 465 1382 nemathecii
497 1342 651 1394 sparsi,
684 1355 784 1383 raro
815 1341 958 1383 frondi
989 1342 1226 1382 immutatae
1257 1341 1461 1392 immersi,
1494 1340 1640 1394 saepis-

108 1410 212 1450 sime
244 1410 359 1451 intra
389 1411 679 1464 pericarpium
711 1414 936 1453 externum
967 1411 1141 1464 recepti,
1173 1409 1387 1464 simplices
1419 1413 1496 1451 aut
1516 1409 1641 1451 fasci-

107 1478 213 1518 culis
246 1479 439 1532 pluribus
471 1480 706 1531 constituti,
739 1493 850 1520 nunc
889 1479 1097 1521 columnis
1134 1478 1304 1521 filorum
1337 1478 1548 1520 sterilium
1579 1478 1641 1519 fa-

107 1548 287 1590 sciculos
319 1537 618 1602 separantibus
651 1549 889 1591 evidentius
921 1548 1156 1603 compositi.

372 1663 554 1705 Ordines
585 1663 690 1705 mihi
722 1667 839 1705 sunt:

107 1759 235 1806 011110
272 1759 345 1805 XI.
417 1758 891 1815 SQUAMARIACEAE
924 1767 1075 1809 fronde
1106 1767 1387 1809 inarticulata
1416 1766 1643 1825 globulosa

220 1841 295 1879 aut
326 1837 481 1891 saepius
512 1837 842 1879 horizontaliter
881 1851 1082 1891 expansa,
1128 1837 1287 1891 pagina
1332 1836 1534 1878 inferiore
1565 1835 1642 1877 ad-

220 1910 334 1957 nata,
366 1921 392 1948 a
423 1907 645 1960 superiore
675 1906 911 1957 fructifera,
943 1906 1156 1948 fructibus
1177 1907 1290 1948 inter
1311 1905 1385 1947 fila
1406 1905 1642 1955 verticalia,

220 1989 332 2028 saepe
363 1975 407 2016 in
445 1975 715 2017 nemathecia
759 1974 1048 2029 superficialia
1092 1974 1285 2025 collecta,
1332 1973 1642 2016 nidulantibus.

219 2042 488 2097 Cystocarpii
519 2044 681 2085 nucleis
713 2043 905 2097 singulis,
936 2042 1320 2085 transformatione
1351 2042 1522 2084 filorum
1553 2057 1643 2084 mo-

220 2111 500 2153 niliformium
530 2112 787 2154 nemathecii
833 2112 951 2164 ortis,
996 2111 1165 2166 filisque
1212 2111 1433 2153 sterilibus
1463 2112 1643 2153 invicem

221 2181 447 2235 separatiS,
494 2181 609 2222 intra
653 2181 951 2222 membranam
995 2180 1215 2236 hyaliuam
1259 2179 1319 2221 fili
1364 2181 1644 2222 transmutati

221 2249 453 2303 gemmidia
483 2249 746 2291 articulatim
777 2250 945 2301 seriata,
969 2249 1186 2291 discoidea
1215 2253 1291 2290 aut
1321 2249 1567 2301 rotundata,
1599 2250 1643 2289 in

221 2317 414 2359 articulis
446 2317 617 2371 singula
647 2319 978 2373 generantibus5
1020 2318 1333 2372 sphaerosporis
1365 2331 1417 2360 ex
1447 2317 1643 2359 articulis

221 2386 391 2427 filorum
422 2386 707 2427 consimilium
738 2385 1069 2437 transformatis,
1104 2386 1289 2428 zonatim
1321 2389 1397 2427 aut
1418 2385 1643 2427 cruciatim

222 2454 380 2496 divisis.

111 2573 240 2622 ORDo
276 2574 369 2619 XII.
441 2572 1038 2620 SPHAEROCOCCOIDEAE
1069 2582 1220 2624 fronde
1251 2580 1530 2622 inarticulata
1559 2581 1643 2622 cel-

224 2650 376 2701 lulosa,
407 2649 572 2692 cellulis
604 2652 886 2693 exterioribus
917 2651 1162 2693 rotundatis
1194 2663 1305 2690 nuno
1336 2650 1380 2690 111
1410 2648 1484 2690 fila
1514 2650 1642 2692 verti-

225 2719 336 2761 calia
366 2719 615 2773 conjunctis,
647 2721 808 2762 intimis
838 2735 951 2762 nunc
995 2719 1269 2761 filiformibus
1314 2722 1499 2760 stratum
1531 2719 1643 2761 axile

224 2787 593 2830 constituentibus,
635 2786 901 2843 Cystocarpii
933 2788 1084 2830 nucleo
1116 2788 1231 2829 intra
1261 2787 1548 2841 pericarpium
1571 2801 1642 2829 ex-

1445 2855 1508 2889 24²²
