1762 3036
155 127 207 168 74
804 126 1039 169 CERAMIEAE.
1514 125 1690 169 Ptilota.

152 240 396 293 compositae
417 240 662 294 frequentes
684 239 866 289 adsunt;
888 239 932 280 in
953 239 1132 293 pinnula
1155 239 1326 281 evoluta
1347 240 1579 294 saepissime
1600 243 1688 281 ter-

151 307 341 357 minales,
374 321 485 348 nunc
517 306 720 348 laterales
753 307 977 360 adparent7
1011 308 1046 348 si
1077 321 1098 347 a
1132 307 1313 360 pinnula
1343 312 1545 350 nascente
1575 303 1690 349 infra

153 377 318 429 apicem
338 377 447 417 rami
470 376 724 417 formantur.
760 377 792 417 F
796 375 943 417 avellae
965 376 1151 429 propriae
1175 390 1408 429 numquam
1430 377 1485 418 ab
1507 376 1689 418 articulo

151 444 368 485 terminali
399 444 594 485 formatae
627 444 731 484 mihi
762 444 1072 497 adparuerunt.
1113 444 1163 485 In
1184 444 1359 485 rachide
1381 445 1495 486 infra
1525 446 1690 498 apicem

150 513 195 553 in
225 511 339 553 latus
370 512 581 565 dejectum
614 515 655 552 et
687 513 844 553 sensim
890 512 1128 554 obsoletum
1160 538 1213 542 ———
1245 517 1321 552 aut
1365 512 1513 554 forsan
1550 513 1690 566 ipsum

151 581 288 622 serius
334 579 691 621 transformatum
731 606 783 611 —
823 581 1017 622 ramulus
1063 580 1257 621 lateralis
1305 581 1455 630 oritur,
1498 581 1589 635 jam
1635 581 1690 623 ab

150 651 273 691 initio
308 649 396 690 fere
436 648 764 694 cellulaeformis,
797 650 976 704 (sensim
1017 653 1166 691 ovatus
1204 653 1247 690 et
1277 649 1321 690 in
1352 662 1532 690 acumen
1563 650 1689 691 obtu-

150 717 383 760 siusculum
413 718 683 774 productus),
707 719 781 772 qui
802 718 966 760 favellae
1000 718 1112 759 sistit
1134 719 1355 771 originem.
1398 718 1544 759 Pinnae
1575 718 1689 759 infra

149 787 348 829 favellain
391 787 616 841 eriguntur
648 793 690 828 et
720 788 919 829 nucleum
950 788 1166 839 ambiunt3
1203 791 1361 840 praeter
1395 787 1562 840 pinnas,
1592 801 1688 841 quae

148 859 192 899 in
223 858 375 899 fronde
407 857 545 899 sterili
577 858 770 899 disticliae
802 858 969 907 adsunt„
1002 857 1116 899 infra
1145 857 1347 899 favellam
1378 870 1549 911 quoque
1580 870 1606 898 a
1625 856 1689 897 la-

148 926 314 968 teribus
346 925 488 979 planis
519 925 709 967 rachidis
740 926 834 967 aliae
874 927 1143 979 proveniunt,
1183 926 1438 979 plerumque
1469 925 1685 967 breviores

148 998 190 1035 et
220 995 363 1035 minus
396 995 646 1047 conspicuae.
692 994 900 1036 Ramulus
930 994 1138 1047 lateralis,
1173 994 1247 1048 qui
1277 994 1321 1034 in
1352 993 1550 1035 nucleum
1582 993 1685 1045 abit,

148 1063 305 1104 sensim
351 1062 642 1104 subdividitur
687 1062 880 1104 articulis
925 1063 1128 1104 brevibus
1160 1061 1454 1115 superpositis,
1487 1064 1562 1102 aut
1592 1061 1685 1102 dia-

147 1131 478 1185 phragmatibus
509 1130 695 1184 obliquis
742 1130 879 1183 magis
910 1144 1016 1184 vage
1055 1130 1290 1184 dispositis2
1330 1129 1502 1170 articuli
1539 1129 1685 1170 termi-

147 1198 277 1249 nales,
309 1199 588 1240 inferioribus
620 1199 776 1240 sensim
808 1199 943 1240 multo
965 1199 1193 1245 tenuiores,
1217 1199 1261 1239 in
1284 1212 1465 1239 acumen
1486 1197 1686 1238 favellam

141 1268 375 1322 juvenilem
407 1282 628 1321 superans,
661 1271 1026 1315 transimitantur3
1059 1267 1163 1308 mihi
1193 1267 1265 1308 isti
1287 1266 1458 1307 articuli
1481 1266 1686 1307 termina-

145 1336 207 1379 les
239 1337 415 1379 hebetes
446 1336 603 1378 ramuli
635 1336 932 1389 adparuerunt
963 1340 1004 1377 et
1047 1337 1203 1378 sensim
1236 1335 1428 1383 obsoleti,
1471 1349 1582 1376 nunc
1618 1336 1686 1377 vix

147 1406 375 1459 conspicui,
408 1405 525 1446 haud
563 1405 763 1457 exiguam
810 1404 1133 1446 similitudinem
1178 1404 1412 1458 aliquando
1458 1403 1686 1445 offerentes

147 1488 243 1515 cum
274 1474 456 1526 apicul‹)‚
490 1487 617 1527 quem
649 1473 820 1514 nomine
852 1473 1119 1526 trichophori
1154 1473 1440 1514 celebrarunt.
1503 1471 1686 1513 Favellae

145 1542 225 1584 hoc
257 1541 382 1583 modo
414 1545 518 1583 ortae
550 1541 592 1582 in
631 1541 820 1582 racliidis
859 1545 982 1594 parte
1027 1555 1112 1582 non
1157 1544 1449 1582 transmutata
1479 1544 1521 1581 et
1550 1541 1687 1593 persi-

147 1615 286 1653 stente
317 1611 490 1652 demum
522 1624 689 1664 semper
734 1611 983 1652 terminales
1029 1609 1253 1664 adparent,
1300 1611 1441 1663 pinnis
1473 1609 1687 1651 inferiori-

148 1681 226 1720 bus
257 1680 353 1733 plus
384 1680 526 1721 minus
566 1678 752 1720 suffultae
793 1683 869 1720 alit
897 1679 1189 1720 involucratae.
1249 1678 1315 1720 Ab
1347 1679 1510 1732 origine
1541 1678 1688 1732 itaque

146 1752 189 1789 et
220 1748 305 1790 situ
337 1748 504 1790 diverso
536 1748 845 1801 sphaerosporae
877 1748 1121 1801 compositae
1155 1750 1196 1788 et
1227 1746 1392 1788 favellae
1424 1746 1592 1787 facilius
1624 1746 1687 1787 di-

149 1821 426 1871 gnoscantur.
487 1817 595 1858 Mihi
632 1818 779 1870 itaque
823 1818 965 1858 icones
998 1830 1023 1857 a
1053 1816 1325 1869 Pringsheim
1370 1816 1496 1857 datas
1542 1814 1688 1870 (Mor-

145 1885 258 1938 phol.
291 1886 364 1927 der
396 1885 562 1927 Moeres
594 1884 691 1938 Azy.
724 1885 817 1927 Aet.
850 1884 995 1926 Berol.
1031 1886 1171 1940 1862.)
1201 1885 1467 1937 comparanti
1487 1884 1577 1925 fere
1599 1899 1688 1925 om-

146 1954 246 1994 nino
291 1957 457 1994 certum
502 1953 705 2006 adparuit
750 1966 914 2006 organa
959 1955 1012 1993 ab
1050 1952 1123 1994 illo
1155 1953 1326 2006 depicta
1356 1952 1426 2006 fig.
1459 1953 1566 1993 2—(3
1598 1953 1687 1994 tab.

145 2021 260 2072 VIII,
293 2025 335 2062 et
364 2024 412 2062 ut
442 2020 607 2062 favellae
639 2020 868 2073 descripta,
902 2034 1043 2061 meras
1084 2034 1175 2062 esse
1218 2021 1558 2074 sphaerosporas,
1592 2034 1687 2074 quae

147 2093 223 2131 aut
253 2088 466 2142 simplices
497 2093 675 2130 manent
707 2092 782 2129 aut
811 2089 1072 2142 compositee.

145 2206 178 2247 I.
228 2205 384 2248 Pe'imz's
437 2206 658 2258 oppositis,
716 2208 892 2257 afraque
930 2205 1073 2257 pinna.
1121 2204 1344 2258 conformi,
1397 2205 1688 2258 oieafflcettudme

259 2274 415 2327 (cqeialc‘
445 2278 521 2315 coeit
550 2288 637 2315 unco
668 2274 839 2327 majore,
885 2273 1120 2326 majoribus
1169 2274 1212 2314 in
1257 2272 1427 2314 melmae
1471 2272 1688 2314 alternan-

261 2343 385 2384 tibus.

204 2471 414 2513 Pmndlis
450 2470 666 2512 sterilibus
705 2469 1121 2517 callitlzamnioidoeis,
1162 2470 1348 2522 simplici
1386 2470 1493 2511 serie
1530 2470 1689 2511 ‹ci-ticu-

680 2539 816 2579 ῖονῖιηι
848 2539 1151 2580 constantibus.

150 2644 183 2682 l.
216 2644 284 2684 ΡΨ.
317 2656 498 2683 ELEGANs
531 2642 691 2693 (Bomz.
726 2641 863 2695 Hydr.
898 2641 970 2682 loc.
994 2655 1040 2693 2).
1073 2642 1159 2696 22.)
1190 2641 1355 2682 frondis
1378 2641 1688 2694 decomposite-

259 2712 449 2764 pinnatae
481 2711 635 2763 pinnis,
669 2711 713 2750 in
743 2709 920 2751 rachide
951 2709 1142 2750 filiformi
1175 2711 1280 2763 (non
1311 2711 1450 2765 alata)
1481 2710 1689 2762 oppositis

265 2781 572 2828 conformibus
604 2781 794 2834 pinnulis
826 2794 961 2833 usque
983 2779 1037 2820 ad
1059 2780 1281 2820 rachideni
1314 2780 1689 2832 sub-monosipho-

265 2850 380 2890 niam
411 2849 722 2902 pinnatisectis,
754 2848 955 2902 pinnellis
986 2848 1150 2890 obtusis
1183 2848 1368 2900 simplici
1398 2847 1506 2888 serie
1528 2847 1688 2888 articu-
