1762 3036
150 141 226 181 132
707 135 1101 181 CRYPTONEMIACEAE.
1263 137 1682 183 Schimmeknanm‘a.

255 254 370 307 jores
425 254 653 296 interiores
706 254 1019 306 ambientibus3
1073 257 1208 296 strato
1260 254 1528 309 peripherico
1576 255 1683 296 serie

262 323 530 376 subsimplici
566 322 821 364 cellularum
868 323 1201 364 rotundatarum
1241 327 1479 367 constante.
1539 322 1683 376 Cysto-

260 393 412 443 carpta
457 393 500 432 in
538 392 725 444 pinnulis
758 390 1025 445 subsingula,
1057 392 1174 432 intra
1203 393 1493 445 pericarpium
1524 391 1683 433 hemis-

259 460 431 513 pherice
471 459 696 511 elevatum,
735 461 907 502 demum
940 460 1229 514 carpostomio
1259 465 1436 514 ruptum
1466 460 1662 514 margine

259 542 342 582 que
374 529 681 581 sub—lacerum,
714 528 913 570 nucleum
952 529 1178 580 minutum,
1219 529 1460 583 gemmidiis
1492 529 1582 570 sine
1614 543 1681 570 or-

260 599 359 639 dine
391 599 659 652 conglobatis
692 598 988 649 constitutum,
1021 597 1220 639 foventia.
1264 597 1594 650 Sphoerosporoe.
1626 631 1634 638 .
1666 631 1674 638 .

260 677 309 718 In
340 677 435 731 Alg.
476 677 582 731 Exp.
629 677 812 719 Novarae
843 692 883 731 p.
918 678 983 718 68.
1015 676 1203 719 Grunow
1235 677 1366 718 aliam
1397 681 1677 727 structuram,

146 760 276 799 quam
323 760 418 800 quae
463 746 508 787 in
554 746 624 800 Sp.
671 747 765 800 Alg.
804 760 829 787 a
866 760 933 787 me
973 746 1165 787 indicata
1195 745 1358 798 fuisset,
1391 746 1485 788 Sch.
1517 750 1680 788 ornatae

142 816 318 858 tribuit:
352 816 558 857 nimirum
581 820 766 857 stratum
789 814 1027 857 medullare
1048 815 1132 857 filis
1154 815 1365 868 elongatis
1387 816 1681 866 constitutum,

143 885 259 938 quod
291 885 334 926 in
367 889 553 927 stratum
585 884 751 926 cellulis
780 885 890 926 laxis
911 884 1001 926 fere
1022 884 1421 939 parenchymaticis,
1444 884 1679 926 endochro-

142 958 258 996 mate
289 969 419 1008 parco
452 955 656 1008 parieta-li
690 954 912 996 instructis
944 954 1104 1005 abiret3
1145 954 1211 995 hae
1243 953 1407 995 cellulae
1438 954 1678 1007 marginem

143 1037 289 1065 versus
321 1024 523 1071 minores,
558 1022 726 1064 cellulis
767 1023 1043 1065 corticalibus
1080 1022 1170 1064 fere
1201 1022 1328 1063 unica
1359 1022 1468 1063 serie
1499 1021 1678 1075 disposi-

143 1092 211 1144 tis,
243 1106 368 1133 muco
400 1092 543 1145 amplo
565 1091 791 1139 immersis,
814 1092 1131 1132 circumcinctae
1155 1095 1309 1133 essent.
1354 1091 1519 1132 Revera
1540 1094 1677 1132 struc-

143 1164 243 1201 tura
273 1161 316 1201 in
349 1161 547 1213 partibus
589 1159 883 1213 superioribus
910 1159 1185 1213 juvenilibus,
1218 1158 1254 1200 &
1284 1159 1561 1201 inferioribus
1592 1174 1677 1201 11011

142 1243 297 1282 parum
328 1229 500 1270 diversa
530 1232 606 1270 est.
669 1227 713 1269 Si
743 1228 933 1282 pinnulae
974 1229 1142 1270 extimae
1190 1229 1506 1279 examinantur,
1553 1229 1677 1282 quasi

143 1297 383 1339 articulatae
416 1297 643 1351 adparent,
676 1297 854 1350 siphone
886 1297 990 1339 axili
1022 1297 1252 1338 articulato
1283 1294 1525 1348 instructae,
1548 1311 1574 1338 a
1595 1312 1678 1351 quo

141 1366 347 1419 plumulae
394 1366 659 1407 tenuissimae
691 1366 897 1419 oppositae
930 1369 973 1407 et
1002 1365 1197 1407 distichae
1230 1370 1407 1418 exeunt3
1439 1365 1586 1407 foliola
1616 1370 1678 1407 te-

139 1435 348 1476 nuissima
378 1434 634 1476 cellularum
681 1434 970 1477 subdivisione
1002 1449 1100 1476 mox
1129 1434 1174 1476 in
1204 1433 1400 1476 frondem
1430 1434 1678 1476 continuam

138 1503 313 1545 abeunt.
374 1503 541 1545 Foliola
570 1502 699 1557 paulo
732 1502 949 1544 adultiora
980 1502 1069 1544 fere
1101 1505 1366 1544 structuram
1396 1503 1560 1545 habent
1588 1502 1677 1544 Ha-

136 1571 331 1625 lymeniae
364 1572 587 1626 cujusdam
618 1572 902 1613 tenuissimae:
936 1575 1119 1613 stratum
1151 1571 1354 1613 corticale
1385 1586 1509 1613 muco
1532 1571 1676 1625 amplo

136 1640 388 1681 immersum
427 1640 675 1682 extenditur
719 1639 803 1681 filis
844 1640 992 1693 paucis
1027 1640 1305 1689 tenuissimis,
1338 1653 1459 1681 secus
1490 1640 1676 1693 parietes

138 1710 480 1761 excurrentibus,
527 1713 570 1751 et
608 1710 651 1750 ni
684 1708 811 1750 fallor
842 1710 896 1751 ab
928 1708 1031 1751 axili
1064 1709 1175 1750 serie
1206 1708 1377 1750 filorum
1408 1708 1676 1750 exeuntibus.

137 1778 186 1819 In
217 1779 418 1832 partibus
459 1778 748 1821 adultioribus
786 1777 861 1819 fila
905 1778 1114 1820 interiora
1154 1779 1311 1820 sensim
1342 1778 1469 1832 plura
1500 1782 1541 1820 et
1571 1778 1675 1819 den-

137 1848 225 1888 sius
258 1848 418 1901 stipata
450 1848 661 1898 oriuntur,
696 1861 791 1901 quae
824 1847 983 1889 sensim
1014 1847 1085 1888 1110
1115 1846 1202 1888 11110
1233 1847 1277 1888 111
1308 1846 1486 1888 cellulas
1509 1846 1675 1888 ambitu

135 1916 320 1968 :majores
366 1916 667 1957 intumescunt.
730 1915 882 1956 Oritur
922 1915 1001 1956 hoc
1040 1914 1166 1956 modo
1202 1915 1245 1956 in
1281 1915 1480 1968 partibus
1518 1914 1674 1956 infimis

136 1987 370 2035 structura,
402 1998 497 2038 quae
530 1983 842 2038 Calophyllidis
873 1983 963 2025 fere
995 1984 1181 2038 analoga
1212 1984 1289 2025 sit:
1314 1984 1446 2025 series
1467 1984 1556 2026 fere
1577 1984 1673 2025 duae

83 2106 85 2108 q
134 2053 391 2094 cellularum
414 2053 625 2107 majorum
647 2053 760 2094 inter
784 2052 1003 2105 margines
1025 2052 1190 2094 frondis
1213 2052 1411 2105 ancipitis
1437 2052 1673 2094 extendun-

73 2133 78 2138 '
133 2126 217 2175 tur,
257 2123 494 2177 interjectis
524 2123 609 2163 filis
640 2122 927 2174 tenuioribus,
950 2126 993 2163 et
1014 2122 1109 2162 aliis
1131 2122 1329 2175 plurimis
1349 2126 1475 2164 extus
1497 2121 1674 2163 cellulas

134 2191 297 2232 medias
329 2191 602 2245 stipantibus,
636 2191 770 2232 donec
802 2191 964 2232 extima
995 2190 1207 2232 arcuatim
1237 2191 1282 2231 in
1325 2190 1501 2231 cellulas
1542 2189 1671 2231 corti-

133 2260 247 2301 cales
295 2263 541 2302 excurrunt.
602 2259 760 2301 Utrum
808 2259 881 2301 fila
918 2258 1060 2309 axilia,
1109 2271 1205 2312 quae
1250 2259 1295 2299 in
1332 2262 1457 2312 parte
1492 2257 1671 2312 juvenili

132 2328 276 2369 videre
322 2328 502 2379 credidi,
549 2327 636 2369 sint
681 2327 852 2368 diversa
896 2331 939 2368 et
984 2327 1130 2368 forsan
1171 2325 1351 2367 cellulas
1393 2325 1576 2379 majores
1627 2325 1670 2365 in

132 2396 349 2437 adultiore
380 2400 506 2450 parte
538 2396 802 2450 generantia,
836 2395 977 2436 dicere
1008 2409 1094 2435 non
1125 2394 1342 2435 auderem.

244 2465 311 2507 Ex
342 2465 477 2506 allata
508 2468 737 2506 structurae
768 2463 934 2505 frondis
965 2462 1112 2516 genesi
1143 2462 1247 2504 satis
1278 2465 1400 2515 patet
1420 2460 1669 2502 Schimmel-

132 2533 354 2575 manniam
384 2533 440 2575 ab
471 2532 728 2587 Halymenia
749 2558 802 2563 ——
825 2531 945 2585 cujus
967 2529 1137 2583 ramuli,
1161 2531 1196 2571 si
1227 2543 1398 2584 quoque
1428 2529 1670 2571 tenuissimi

131 2602 196 2656 (in
226 2601 279 2642 H.
310 2601 521 2657 formosa)
552 2602 649 2652 sint,
682 2613 916 2654 numquam
938 2600 982 2640 in
1004 2598 1205 2640 cellulam
1225 2596 1495 2640 terminalem
1518 2611 1667 2650 super-

131 2669 391 2711 eminentem
422 2669 637 2719 desinunt,
671 2682 809 2722 neque
842 2667 1044 2709 deorsum
1075 2671 1239 2708 costam
1270 2665 1489 2720 quandam
1511 2666 1669 2707 axilem

129 2742 387 2786 monstrant,
427 2738 502 2779 sed
538 2751 676 2791 usque
705 2737 762 2778 ad
800 2737 966 2790 apicem
1010 2735 1176 2777 cellulis
1206 2734 1443 2776 numerosis
1485 2735 1666 2775 vertica-

130 2806 230 2848 liter
251 2807 520 2848 radiantibus
543 2806 669 2848 strati
691 2806 907 2848 corticalis
931 2806 1078 2846 cinctae
1101 2805 1313 2859 adparent
1328 2830 1382 2835 —-
1402 2803 1509 2845 bene
1527 2803 1665 2845 diver-

129 2888 222 2917 sam
245 2888 348 2918 esse.
408 2874 579 2917 Genera
609 2875 807 2929 proxima
837 2888 928 2917 esse
959 2873 1106 2916 forsan
1137 2885 1355 2916 assumere
1390 2870 1501 2913 licet.
1541 2870 1665 2915 Atta-
