1762 3036
79 130 427 183 Rhodoquosszmz.
713 127 995 169 GIGARTINEAE.
1528 125 1606 166 185

78 260 216 299 neque
247 257 343 283 cum
375 240 539 282 Iridaeis
572 241 626 282 ob
658 255 776 282 soros
812 238 1119 281 subcorticales
1157 240 1262 279 bene
1293 237 1606 286 consociantur,

75 315 217 356 Genus
264 325 417 353 novum
464 310 749 364 Rhodoglossi
805 309 869 350 his
916 307 1139 362 speciebus
1190 306 1464 348 formandum
1518 320 1609 347 esse

75 382 188 424 finxi.

184 448 278 490 Sori
310 449 353 489 in
384 447 680 502 Rhodoglosso
711 460 860 489 revera
890 446 1141 498 adspectum
1163 447 1354 498 praebent
1375 442 1608 485 admodum

73 517 347 571 peculiarem.
410 517 474 558 Ab
507 520 685 558 externa
731 515 839 556 facie
871 518 913 555 et
943 514 986 555 111
1018 514 1231 555 exsiccata
1276 513 1426 567 planta
1471 516 1608 566 cysto-

73 585 222 639 carpia
267 585 464 626 crederes
512 584 747 625 rotundata
791 583 933 624 frondi
978 582 1200 633 immersa3
1248 582 1283 623 si
1328 579 1610 622 transversali

75 654 262 695 sectione
294 654 410 694 facta
441 653 739 703 observantur,
769 650 1093 705 dispositionem
1125 650 1314 703 partium
1341 649 1431 690 fere
1452 649 1609 700 videas,

71 721 242 776 qualem
273 722 317 762 in
348 721 625 775 cystocarpiis
656 719 1028 775 cryptaeformibus
1061 717 1457 772 Chaetangiearum3
1490 717 1610 759 ferti-

70 790 155 832 lem
186 794 381 845 cryptam
412 791 650 831 introrsum
683 804 708 830 a
740 788 875 830 sterili
906 792 1029 842 parte
1066 787 1181 829 linea
1220 786 1456 828 rotundata
1487 800 1609 840 sepa-

70 862 210 900 ratam
233 862 275 899 et
297 858 623 911 spliaerosporas
644 858 761 898 intra
782 861 975 911 cryptam
998 856 1202 898 radiatim
1224 855 1467 909 dispositas,
1491 869 1516 896 a
1537 870 1610 908 pe-

74 926 290 980 ripherica
321 926 435 968 linea
466 926 670 967 interiore
701 940 848 967 versus
879 914 1087 979 punctum
1120 923 1388 977 superficiale
1410 923 1610 977 —quasi

72 998 183 1036 esset
205 994 543 1048 carpostomium
564 1020 617 1024 —-
642 997 958 1047 convergentes.
991 992 1142 1034 Oritur
1163 992 1253 1033 haec
1275 991 1499 1045 dispositio
1523 991 1609 1033 for-

70 1064 256 1105 matione
289 1064 686 1117 sphaerosporarum
718 1064 761 1104 in
792 1062 888 1113 filis,
923 1076 1018 1116 quae
1050 1061 1262 1103 arcuatim
1294 1075 1319 1101 a
1342 1064 1478 1102 strato
1500 1061 1609 1101 inte-

70 1133 184 1173 riore
215 1131 386 1173 filorum
418 1131 799 1185 longitudinalium
830 1131 884 1172 ad
908 1131 980 1172 fila
1001 1130 1129 1172 strati
1151 1128 1366 1171 corticalis
1387 1129 1611 1171 verticalia

71 1204 318 1243 excurrunt.
378 1200 438 1242 Ut
469 1200 794 1254 sphaerosporae,
830 1213 925 1254 quae
959 1200 1003 1241 in
1034 1199 1239 1240 interiore
1270 1202 1395 1251 parte
1416 1197 1611 1239 fasciculi

70 1269 223 1311 fertilis
256 1270 425 1311 seriatae
472 1268 728 1318 formantur,
780 1268 1084 1323 grandescunt,
1122 1266 1293 1309 filorum
1332 1267 1444 1308 rami
1475 1266 1611 1308 infimi

70 1339 375 1380 distenduntur
421 1338 654 1379 directione
692 1338 908 1392 tangentis
947 1341 1120 1392 cryptae,
1152 1337 1265 1378 unde
1298 1337 1609 1390 sphaerosporae

70 1408 156 1449 sori
179 1407 460 1460 periphericae
485 1407 718 1448 directione
740 1406 957 1459 tangentis
981 1420 1152 1460 quoque
1169 1406 1338 1447 seriatae
1357 1405 1609 1455 obveniunt,

69 1476 144 1516 fila
174 1479 327 1516 contra
356 1474 549 1516 fasciculi
580 1475 734 1516 fertilis
774 1475 1000 1521 exteriora,
1039 1499 1084 1502 —
1118 1474 1171 1515 ob
1210 1475 1347 1527 ipsam
1385 1473 1609 1527 expansio-

70 1560 167 1587 nem
198 1545 370 1587 filorum
401 1545 656 1587 interiorum
703 1545 937 1587 directione
983 1545 1199 1598 tangentis
1232 1570 1283 1574 ——
1315 1543 1429 1585 infra
1461 1558 1609 1596 super-

69 1616 206 1657 ficiem
237 1615 400 1657 frondis
432 1615 746 1668 deprimuntur,
780 1618 973 1669 cryptam
1013 1614 1258 1663 formantia,
1303 1613 1422 1667 cujus
1461 1627 1610 1654 versus

70 1688 276 1737 punctum
300 1684 552 1737 depressum
569 1683 643 1724 fila
661 1682 832 1736 singula
854 1683 1157 1736 convergentia
1178 1682 1430 1736 adpareant.
1463 1681 1609 1735 Sphae-

71 1766 260 1805 rosporae
308 1752 351 1792 in
397 1752 462 1792 his
509 1752 592 1792 filis
638 1751 833 1792 formatae
872 1751 915 1791 in
961 1751 1092 1792 series
1125 1765 1150 1791 a
1180 1750 1427 1804 peripheria
1464 1764 1610 1791 versus

70 1824 278 1873 punctum
311 1820 630 1874 periphericum
663 1823 967 1873 convergentes
1001 1819 1301 1874 disponuntur.
1362 1818 1427 1860 Ob
1451 1833 1610 1872 expan-

72 1888 233 1930 sionem
280 1888 451 1930 filorum
496 1888 705 1930 fertilium
750 1887 824 1928 fila
869 1888 1036 1929 sterilia
1081 1888 1278 1942 proxima
1308 1888 1433 1941 quasi
1464 1902 1609 1930 sorum

69 1957 303 1999 ambientia
334 1957 585 2011 adpareant.

183 2026 262 2067 Est
293 2039 463 2080 quoque
496 2025 864 2080 cystocarpiorum
894 2025 1182 2080 Rhodoglossi
1214 2025 1413 2078 quaedam
1436 2025 1490 2066 ab
1513 2024 1610 2065 aliis

70 2093 310 2135 diversitas.
370 2094 406 2135 V
410 2098 426 2134 t
457 2095 499 2134 in
532 2094 675 2135 inedia
704 2094 857 2135 fronde
889 2100 1004 2143 nata,
1045 2094 1305 2147 expansione
1346 2093 1486 2134 minus
1527 2093 1608 2133 cir-

70 2163 330 2215 cumscripta
360 2162 662 2216 grandescunt,
696 2166 737 2203 et
768 2163 812 2203 in
843 2162 1060 2204 nonnullis
1093 2162 1265 2203 demum
1296 2161 1451 2203 lineam
1483 2176 1608 2214 supe-

71 2235 171 2272 rant
202 2231 424 2272 diametro.
463 2231 729 2272 Inchoantur
752 2232 930 2281 minuta,
955 2234 1092 2272 strato
1116 2227 1385 2284 peri'pherico
1409 2229 1609 2271 nucleum

71 2300 287 2341 ambiente
317 2299 396 2340 hoc
427 2299 564 2340 stadio
597 2299 863 2349 densissimo,
896 2300 988 2353 ipso
1015 2299 1164 2341 nucleo
1188 2313 1344 2353 parum
1365 2299 1608 2352 conspicuo,

71 2368 314 2409 intertextis
344 2366 429 2408 filis
460 2367 588 2420 paulo
619 2367 857 2409 laxioribus
889 2372 931 2408 et
967 2367 1133 2409 cellulis
1178 2368 1327 2421 paucis
1373 2370 1607 2408 constante.

70 2435 314 2477 Directione
346 2435 589 2489 centrifuga
620 2436 882 2489 expanditur
914 2437 1051 2490 magis
1083 2436 1307 2490 magisque
1330 2440 1514 2477 stratum
1537 2449 1609 2488 pe-

71 2505 334 2558 riphericum
365 2505 517 2555 nuclei,
551 2505 787 2546 introrsum
832 2505 1051 2547 nucleolos
1098 2519 1315 2558 separans,
1363 2505 1609 2546 intertextis

70 2571 153 2614 filis
185 2573 311 2614 strati
343 2573 600 2626 peripherici
635 2574 872 2615 introrsum
912 2575 1069 2616 sensim
1108 2574 1343 2616 laxioribus
1382 2577 1425 2614 et
1455 2572 1608 2614 fertili-

71 2642 164 2692 bus,
195 2645 438 2682 extrorsum
471 2642 691 2683 sterilibus
724 2646 766 2684 et
804 2643 1161 2686 accrescentibuS.
1220 2642 1495 2695 Expansione
1535 2641 1609 2683 de-

72 2724 188 2750 inum
219 2714 404 2751 stratum
435 2709 599 2752 frondis
630 2712 831 2753 corticale
863 2712 1003 2766 tangit
1034 2716 1075 2753 et
1105 2711 1440 2764 carpostomium
1472 2710 1608 2764 quod—

74 2778 171 2818 dam
205 2777 396 2823 efficitur,
429 2780 787 2831 convergentibus
818 2780 915 2828 filis,
955 2794 1044 2826 nec,
1084 2782 1132 2820 ut
1170 2782 1382 2833 putarem,
1424 2782 1609 2835 ruptura

74 2845 208 2900 partis
240 2845 610 2899 supereminentis.
