1757 3114
141 174 391 231 Polycoelia.
766 178 1049 220 GIGARTINEAE.
1593 183 1672 224 227

135 305 186 334 ex
215 290 548 333 endochromate
578 292 623 332 in
654 292 799 334 media
829 293 985 334 cellula
1015 297 1229 346 praesente
1268 297 1315 336 at
1351 294 1541 348 collapso
1573 308 1673 336 con—

136 361 306 403 cludere
338 362 482 413 liceat3
516 363 618 415 quia
639 364 825 416 parietes
848 363 1069 414 laxissimi,
1103 378 1187 406 non
1218 368 1387 406 tantum
1418 368 1586 406 meatus
1609 366 1673 406 in—

136 428 444 479 tercellulareS,
496 434 545 470 ut
597 431 641 471 111
689 430 1015 486 Callophyllide,
1068 432 1180 473 inter
1234 434 1411 475 cellulas
1457 433 1566 475 nulli
1608 434 1672 475 in-

135 497 361 538 tercedunt
406 498 479 538 sed
531 502 621 539 rete
669 498 839 540 filorum
884 499 1214 541 articulatorum
1260 505 1303 543 et
1347 505 1672 543 anastoinosan—

135 565 241 606 tium
272 564 448 607 cellulas
479 567 741 608 rotundatas
774 568 1051 609 circumcirca
1088 570 1235 611 ambit.
1296 570 1392 611 Fila
1423 571 1550 611 strati
1580 585 1673 612 cor—

132 633 270 674 ticalis
301 635 528 676 verticalia
558 640 660 676 sunt
690 636 922 678 admodum
953 638 1101 679 brevia
1132 639 1213 679 nisi
1245 639 1349 681 locis
1371 640 1596 692 fertilibus,
1628 641 1672 681 in

132 702 287 756 quibus
318 707 506 757 utraque
537 705 710 758 pagina,
743 707 866 759 quasi
897 706 941 747 in
972 707 1263 761 pericarpium
1285 710 1490 764 utrinque
1511 711 1671 763 promi-

130 784 233 812 nens
265 774 445 822 niutata,
476 772 562 813 filis
593 774 871 816 verticalibus
911 775 1047 817 multo
1079 776 1347 830 longioribus
1380 779 1670 820 constituitur.

243 838 302 880 Ut
332 839 479 893 itaque
511 840 657 882 Genus
689 842 897 896 intelligo,
929 843 1084 885 habitu
1115 845 1311 887 convenit
1333 860 1430 887 cum
1451 846 1671 901 Kallyme-

129 908 214 959 nia3
248 908 530 961 dispositione
568 908 823 952 cellularum
864 912 990 952 strati
1026 912 1244 955 interioris
1286 928 1382 956 cuni
1422 914 1670 970 Callophyl-

127 975 232 1027 lide3
264 976 347 1018 filis
379 979 804 1021 anastoniosantibus
835 979 1013 1022 cellulas
1059 981 1426 1026 intercedentibus
1459 998 1555 1026 cum
1586 984 1667 1027 Po-

127 1044 315 1099 lycoelia,

129 1138 165 1178 1.
196 1137 252 1178 M.
284 1136 510 1180 Gnitnnsis
542 1140 610 1194 (J.
644 1141 725 1194 Ay.
758 1144 904 1198 mser.)
940 1144 1093 1186 fronde
1132 1145 1176 1186 in
1215 1147 1514 1190 membranam
1545 1147 1667 1190 latis-

238 1207 391 1248 simam
423 1211 610 1262 subvage
641 1209 892 1252 laciniatain
922 1226 1125 1266 expansa.

388 1276 500 1318 Hab.
532 1278 587 1319 ad
619 1293 718 1320 oras
750 1278 972 1323 Chilenses
1004 1281 1197 1337 (Harvey
1209 1283 1254 1339 1).

153 1371 156 1374 ·
213 1356 373 1390 Nomine
392 1356 643 1400 Kallymeniae
663 1369 684 1392 a
700 1358 876 1404 Harveyo
894 1359 1093 1405 inscripta.
1128 1361 1250 1396 Frons
1271 1363 1424 1397 videtur
1443 1375 1664 1410 permagna,

123 1413 226 1457 cujus
252 1415 400 1448 tantum
428 1413 505 1447 vidi
530 1418 679 1458 partem
704 1415 783 1450 fere
802 1417 990 1461 pedalem,
1010 1418 1155 1453 chartae
1175 1422 1279 1453 arcte
1299 1420 1575 1465 adhaerentem,
1603 1433 1665 1466 cy-

124 1470 324 1515 stocarpiis
352 1482 420 1515 per
445 1470 619 1506 frondem
647 1473 863 1508 coccineam
890 1475 1008 1510 dense
1036 1476 1193 1520 sparsis.

146 1526 158 1537 ³

121 1612 256 1662 XLIV.
296 1616 615 1666 POLYCOELIA
651 1626 697 1669 J.
731 1627 814 1680 Ay.
861 1627 955 1670 Act.
1004 1628 1147 1671 Holm.
1196 1631 1302 1672 1849
1334 1635 1373 1673 et
1404 1631 1475 1684 Sp.
1508 1631 1661 1685 Alyar.

234 1693 296 1735 II
313 1708 361 1746 p.
395 1695 488 1736 305.
522 1695 662 1738 Harv.
693 1697 740 1738 ‘ln
774 1695 842 1737 Fl.
879 1697 1026 1739 Tasm.
1058 1698 1141 1740 tab.
1176 1699 1254 1740 192
1288 1699 1346 1741 B.

121 1785 255 1828 Frons
288 1787 735 1841 gelatinoso-carnosa
766 1790 898 1844 plana
929 1791 1406 1834 dichotomo-laciniata
1441 1797 1518 1835 aut
1558 1795 1660 1837 sub-

230 1856 443 1909 pinnatim
475 1858 780 1912 decomposita,
803 1859 972 1901 duobus
995 1860 1143 1902 stratis
1165 1861 1420 1912 constituta3
1453 1862 1659 1904 interiore

228 1924 395 1967 cellulis
425 1927 625 1968 maximis
655 1928 1133 1981 rotundato-angulatis
1156 1930 1340 1984 simplici
1362 1932 1470 1973 serie
1492 1932 1657 1974 frondis

227 1994 357 2047 plano
389 1995 601 2048 parallela
632 1996 864 2050 dispositis,
912 1998 1153 2050 parietibus
1200 2000 1357 2041 crassis
1403 2000 1654 2054 gelatinosis

227 2063 458 2115 separatis3
492 2065 704 2106 exteriore
734 2064 818 2106 filis
850 2066 1094 2108 articulatis
1126 2069 1308 2110 ramosis
1331 2072 1374 2109 et
1396 2069 1526 2110 dense
1549 2083 1654 2111 ana-

228 2133 568 2175 stomosantibus
601 2134 871 2187 superficiem
912 2149 1059 2177 versus
1100 2136 1376 2179 verticalibus
1408 2139 1655 2181 constituto.

228 2199 508 2254 Cystocarpia
537 2202 680 2243 frondi
711 2203 926 2252 immersa,
959 2203 1120 2255 clausa,
1144 2205 1347 2246 nucleum
1371 2207 1655 2260 compositum

226 2269 391 2311 cellulis
423 2270 704 2312 interioribus
735 2272 904 2325 magnis
935 2272 1160 2325 inclusum,
1209 2274 1476 2328 disruptione
1516 2277 1655 2329 partis

226 2337 380 2379 fertilis
412 2339 584 2380 demum
604 2339 852 2391 liberatum,
876 2340 1089 2393 foventia3
1120 2343 1304 2385 nucleoli
1335 2344 1453 2385 intra
1475 2343 1653 2385 cellulas

226 2406 420 2459 singulas
472 2407 620 2460 plures
677 2409 905 2463 conjuncti,
961 2408 1044 2451 filis
1091 2410 1333 2453 articulatis
1388 2412 1652 2453 reticulatiin

226 2475 514 2518 ambientibus
546 2477 736 2530 separati
768 2480 810 2518 et
841 2477 1057 2530 adparatu
1087 2478 1259 2520 filorum
1290 2480 1487 2522 densiore
1509 2481 1553 2522 in
1575 2496 1652 2521 nu-

226 2542 366 2584 cleum
404 2545 687 2597 compositum
724 2546 952 2600 conjuncti,
994 2548 1228 2600 gemmidia
1265 2549 1472 2602 pauciora
1502 2554 1652 2590 rotun-

227 2611 562 2665 dato-angulata
593 2614 682 2655 sine
713 2615 864 2656 ordine
895 2616 1125 2669 conspicuo
1147 2617 1407 2672 conglobata
1428 2619 1651 2660 continen-

225 2682 302 2724 tes.
347 2680 662 2734 Sphaerosporae
694 2683 811 2725 intra
832 2687 1019 2725 stratum
1041 2685 1245 2727 corticale
1268 2686 1462 2738 evolutae,
1487 2700 1648 2740 sparsae

225 2747 432 2802 oblongae,
467 2750 691 2791 cruciatim
723 2751 880 2792 divisae.

225 2839 418 2880 Ducente
449 2843 670 2882 structura
700 2841 865 2883 frondis
898 2843 1130 2884 admodum
1161 2845 1383 2898 peculiari,
1406 2844 1551 2888 fructu
1572 2848 1648 2889 ad-

116 2905 197 2949 huc
227 2909 390 2962 ignoto,
422 2909 567 2951 Genus
597 2911 777 2963 institui,
812 2912 927 2964 quod
958 2926 1042 2952 non
1074 2913 1272 2956 obstante
1305 2917 1525 2956 structura
1545 2918 1648 2958 reti—

1448 2983 1512 3016 15*
