1757 3114
106 143 185 184 586
344 132 346 140 ’
764 142 1003 184 Somnium.
1122 168 1125 174 ·
1407 140 1635 184 Catenella.

104 256 265 309 positae,
287 257 519 299 introrsum
542 257 585 297 in
606 256 680 297 fila
700 256 916 306 abeuntia,
939 255 1073 296 radiis
1095 255 1229 296 multo
1250 255 1519 297 brevioribus
1541 269 1639 297 con-

105 326 268 375 stituta,
314 326 487 379 plexum
532 325 702 367 filorum
734 324 1149 366 anastoniosantium
1179 324 1295 365 circa
1325 324 1523 366 nucleum
1553 324 1640 365 for-

104 394 279 434 mantia.
339 393 684 447 Carpostomium
728 393 876 435 forsan
914 392 1047 439 adest,
1093 395 1138 432 at
1181 392 1347 433 nullum
1391 393 1489 434 vidi.
1552 392 1640 433 Nu-

103 461 219 503 cleus
250 467 420 504 constat
450 461 578 514 plexu
607 461 876 503 filamentoso
909 459 1091 502 centrali
1121 460 1264 514 amplo
1286 464 1328 502 et
1350 460 1556 511 densiori3
1580 460 1635 502 ab

103 530 183 571 hoc
215 531 430 583 adparatu
461 529 701 582 placentari
732 527 1157 589 fila-gemmidiifera
1193 528 1639 570 dichotomo-fascicu-

103 598 194 639 lata
225 603 267 639 et
312 598 534 651 fastigiata
579 612 923 651 quoquoversum
969 597 1188 638 radiantia
1232 596 1419 649 plurima
1464 600 1638 647 exeunt3

104 666 178 708 fila
209 666 373 707 sterilia
417 667 680 720 interspersa
724 666 843 708 nulla
889 666 1091 707 distincta
1133 666 1229 707 vidi.
1289 666 1528 708 Gemmidia
1566 665 1639 707 ob-

104 734 438 788 ovato-oblo'nga
459 735 502 775 in
525 735 717 776 articulis
748 734 1050 776 terminalibus
1072 733 1243 775 filorum
1266 734 1435 788 singula
1455 732 1633 775 evoluta,

107 841 140 880 1.
173 837 216 880 C.
249 838 426 879 GA'r'rYAE
458 838 521 889 (J.
554 839 633 892 Ay.
665 844 805 890 mser.)
850 837 1002 879 fronde
1048 851 1180 891 supra
1226 838 1414 891 stipitem
1465 838 1639 879 brevem

216 907 542 948 teretiusculum
573 906 1036 959 lanceolam-oblonga.
1070 906 1252 960 simplici
1283 910 1359 947 aut
1389 920 1516 959 parce
1547 906 1638 947 fur-

216 981 326 1024 eata„
359 977 589 1030 segmentis
621 977 944 1030 divergentibus
976 975 1281 1017 conformibus.

294 1046 358 1088 Ex
389 1046 511 1088 Aden
541 1047 674 1088 Indiae
707 1046 938 1089 Orientalis
970 1046 1089 1088 misit
1119 1046 1199 1087 D:a
1229 1046 1375 1100 Gatty.

192 1127 369 1161 Plantula
393 1127 601 1171 pollicaris‚
622 1126 1054 1171 sesquilineam-Slineas
1084 1127 1174 1169 lata,
1206 1126 1244 1160 in
1262 1127 1512 1171 processubus
1543 1138 1638 1160 niar—

103 1183 293 1229 ginalibus
320 1184 532 1217 numerosis
561 1184 711 1218 demum
735 1184 947 1218 fructifera.
1542 1185 1549 1193 '

102 1277 138 1317 2.
173 1275 248 1316 Q?
280 1290 467 1317 LINEARIS
499 1275 567 1330 (J.
600 1276 680 1329 Ass.
713 1278 859 1332 mser.)
890 1276 1041 1317 fronde
1074 1290 1205 1330 supra
1242 1277 1433 1330 stipitem
1464 1277 1637 1318 brevem

215 1344 538 1385 teretiusculum
570 1345 771 1397 elongata
802 1345 956 1385 lineari
988 1345 1170 1397 repetite
1212 1344 1457 1385 dichotoma
1488 1344 1636 1386 flabel-

214 1411 336 1453 latim
369 1426 570 1466 expansa,
603 1414 834 1466 segmentis
867 1426 999 1466 supra
1021 1412 1175 1454 axillas
1198 1412 1488 1455 acutiusculas
1521 1427 1636 1454 erec-

215 1482 409 1523 tiusculis
447 1482 697 1530 linearibus.
744 1481 1045 1523 terminalibus
1092 1482 1253 1523 obtusis
1299 1482 1636 1535 angustioribus.

216 1549 436 1603 Clzrysgsm.
469 1551 648 1592 linearis
679 1550 723 1592 J.
757 1550 837 1603 Ay.
877 1564 999 1592 mser.
1032 1552 1078 1592 in
1110 1550 1263 1592 Emona.
1287 1550 1428 1603 plant.
1473 1564 1523 1592 ex
1558 1552 1638 1592 ins.

217 1617 411 1661 Clcatcmn.

271 1687 379 1729 Hab.
412 1688 466 1728 ad
500 1687 668 1728 Insulas
700 1686 896 1737 Chatam,
930 1687 1035 1739 legit
1066 1686 1267 1728 Travers!

193 1766 313 1800 Frons
340 1766 472 1801 habitu
500 1766 666 1801 Chondri
694 1767 887 1811 cujusdam
913 1767 1146 1812 angustioris
1166 1770 1230 1801 aut
1247 1766 1497 1811 Nothogeniae
1518 1765 1637 1800 vario-

102 1822 205 1865 losae,
234 1826 427 1857 structura
452 1823 572 1868 inagis
601 1823 911 1867 Chrysymeniam
936 1824 1141 1857 referente.
1194 1823 1309 1858 Strati
1338 1822 1537 1858 exterioris
1564 1824 1636 1857 cel-

102 1880 189 1913 lulae
226 1879 429 1914 interiores
457 1881 501 1915 ab
541 1880 794 1915 exterioribus
833 1880 1095 1925 magnitudine
1132 1879 1255 1914 minus
1293 1879 1456 1913 invicem
1493 1879 1638 1913 distant

103 1949 212 1981 quam
238 1938 277 1971 in
304 1938 588 1982 Chrysymenia7
609 1941 654 1981 et
679 1938 858 1972 corticale
886 1942 1048 1972 stratum
1074 1937 1148 1972 filis
1176 1938 1422 1972 verticalibus
1451 1937 1637 1971 evidenti-

102 1994 230 2028 oribus
257 1994 517 2029 constituitur.
567 1995 729 2029 Fructus
756 1995 795 2028 in
822 1995 891 2028 hac
916 1996 1041 2028 nullos
1070 1994 1159 2028 vidi.
1209 1995 1314 2028 Hanc
1352 1993 1515 2038 speciem
1553 2005 1637 2027 cuni

103 2050 350 2094 Chaetangio?
378 2051 568 2086 flabellato
595 2051 709 2086 Harv.
737 2052 793 2086 Fl.
821 2052 944 2086 Tasm.
973 2052 1179 2086 identicam
1213 2063 1295 2085 esse
1333 2062 1525 2085 assumere
1562 2063 1637 2085 non

102 2119 235 2141 aussus
262 2120 356 2152 sum,
385 2112 578 2142 structura
603 2108 641 2142 in
667 2111 798 2142 nostra
825 2120 844 2142 a
870 2108 1092 2153 Chaetangio
1118 2107 1274 2141 nimium
1300 2108 1517 2143 abludente.

103 2272 328 2322 (ἺΧΙᾸΙΠΫ
366 2274 672 2320 CATENELLA
711 2270 835 2313 ἄγευ.
869 2271 965 2325 Alq.
1008 2271 1121 2312 Brit.
1145 2285 1192 2323 p.
1234 2272 1324 2312 106.
1363 2271 1407 2314 J.
1439 2273 1520 2325 Ay.
1565 2271 1636 2325 Sp.

207 2366 255 2405 p.
288 2353 381 2393 351.

104 2456 239 2497 Frons
271 2454 617 2496 moniliformiter
663 2455 906 2505 constricta,
940 2469 989 2496 ex
1022 2455 1215 2496 articulis
1252 2455 1455 2508 prolifera
1492 2455 1635 2497 di-tri-

216 2524 415 2565 chotoma
446 2528 521 2565 aut
552 2524 826 2577 subpinnata,
860 2523 1162 2569 subtubulosa2
1194 2525 1298 2566 tubo
1330 2538 1532 2577 percurso
1553 2524 1635 2566 filis

217 2593 640 2634 anastomosantibus
671 2591 1059 2645 longitudinalibus
1092 2597 1133 2634 et
1165 2593 1532 2639 subvertit-abhus,
1566 2608 1635 2634 su-

217 2660 435 2713 perficiem
481 2674 628 2701 versus
675 2662 718 2701 in
763 2661 837 2701 fila
881 2660 1186 2701 inoniliformia
1226 2661 1483 2703 abeuntibus
1521 2661 1635 2702 etin

217 2733 402 2770 stratum
455 2729 770 2782 periphericum
823 2743 944 2770 muco
999 2729 1233 2770 cohibitum
1287 2729 1635 2770 coalescentibus,

219 2796 497 2850 Cystoccmpia
543 2798 723 2838 ramulis
769 2798 984 2847 immersa,
1018 2797 1143 2850 (poro
1176 2797 1423 2838 terminali?
1469 2800 1634 2850 aperta)

218 2865 415 2907 nucleum
446 2865 501 2907 ad
531 2865 604 2907 fila
635 2865 964 2921 longitudinalia
995 2879 1248 2919 suspensum
1271 2865 1635 2918 subcompositum
