<?xml version="1.0" encoding="UTF-8"?>
<!DOCTYPE html PUBLIC "-//W3C//DTD XHTML 1.0 Transitional//EN"
    "http://www.w3.org/TR/xhtml1/DTD/xhtml1-transitional.dtd">
<html xmlns="http://www.w3.org/1999/xhtml" xml:lang="en" lang="en">
 <head>
  <title>
</title>
<meta http-equiv="Content-Type" content="text/html;charset=utf-8" />
  <meta name='ocr-system' content='tesseract 3.04.00' />
  <meta name='ocr-capabilities' content='ocr_page ocr_carea ocr_par ocr_line ocrx_word'/>
</head>
<body>
  <div class='ocr_page' id='page_1' title='image "./speciesgeneraeto0301agar_0310.png"; bbox 0 0 1757 3114; ppageno 0'>
   <div class='ocr_carea' id='block_1_1' title="bbox 91 116 1628 164">
    <p class='ocr_par' dir='ltr' id='par_1_1' title="bbox 91 116 1628 164">
     <span class='ocr_line' id='line_1_1' title="bbox 91 116 1628 164; baseline -0.004 0"><span class='ocrx_word' id='word_1_1' title='bbox 91 123 173 164; x_wconf 79' lang='lat'>294</span> <span class='ocrx_word' id='word_1_2' title='bbox 748 118 986 162; x_wconf 77' lang='lat' dir='ltr'><strong><em>CHAMPIEAE.</em></strong></span> <span class='ocrx_word' id='word_1_3' title='bbox 1415 116 1628 159; x_wconf 75' lang='lat' dir='ltr'>Fauchea.</span> 
     </span>
    </p>
   </div>
   <div class='ocr_carea' id='block_1_2' title="bbox 205 230 1627 483">
    <p class='ocr_par' dir='ltr' id='par_1_2' title="bbox 205 230 1627 483">
     <span class='ocr_line' id='line_1_2' title="bbox 205 230 1627 290; baseline -0.006 -12"><span class='ocrx_word' id='word_1_4' title='bbox 205 236 353 290; x_wconf 86' lang='lat' dir='ltr'>spicuo</span> <span class='ocrx_word' id='word_1_5' title='bbox 399 232 657 287; x_wconf 84' lang='lat' dir='ltr'>conglobata</span> <span class='ocrx_word' id='word_1_6' title='bbox 700 236 743 274; x_wconf 89' lang='lat' dir='ltr'>et</span> <span class='ocrx_word' id='word_1_7' title='bbox 788 232 912 287; x_wconf 80' lang='lat' dir='ltr'>quasi</span> <span class='ocrx_word' id='word_1_8' title='bbox 956 245 1080 273; x_wconf 86' lang='lat' dir='ltr'>muco</span> <span class='ocrx_word' id='word_1_9' title='bbox 1125 232 1327 283; x_wconf 87' lang='lat' dir='ltr'>cohibita,</span> <span class='ocrx_word' id='word_1_10' title='bbox 1362 230 1627 285; x_wconf 81' lang='lat' dir='ltr'>generantia.</span> 
     </span>
     <span class='ocr_line' id='line_1_3' title="bbox 209 299 1627 358; baseline -0.006 -11"><span class='ocrx_word' id='word_1_11' title='bbox 209 305 525 358; x_wconf 65' lang='lat' dir='ltr'>Sphaerosporae</span> <span class='ocrx_word' id='word_1_12' title='bbox 569 302 614 343; x_wconf 91' lang='lat' dir='ltr'>in</span> <span class='ocrx_word' id='word_1_13' title='bbox 659 300 939 343; x_wconf 87' lang='lat' dir='ltr'>nematheciis</span> <span class='ocrx_word' id='word_1_14' title='bbox 985 299 1328 354; x_wconf 83' lang='lat' dir='ltr'>superficialibus</span> <span class='ocrx_word' id='word_1_15' title='bbox 1373 299 1627 354; x_wconf 84' lang='lat' dir='ltr'>pulvinatim</span> 
     </span>
     <span class='ocr_line' id='line_1_4' title="bbox 206 367 1626 426; baseline -0.004 -12"><span class='ocrx_word' id='word_1_16' title='bbox 206 372 408 426; x_wconf 80' lang='lat' dir='ltr'>expansis</span> <span class='ocrx_word' id='word_1_17' title='bbox 437 370 550 413; x_wconf 85' lang='lat' dir='ltr'>inter</span> <span class='ocrx_word' id='word_1_18' title='bbox 586 372 879 424; x_wconf 66' lang='lat' dir='ltr'>‘paranemata</span> <span class='ocrx_word' id='word_1_19' title='bbox 925 381 1099 422; x_wconf 83' lang='lat' dir='ltr'>sparsae,</span> <span class='ocrx_word' id='word_1_20' title='bbox 1146 368 1354 423; x_wconf 75' lang='lat' dir='ltr'>oblongae,</span> <span class='ocrx_word' id='word_1_21' title='bbox 1401 367 1626 409; x_wconf 85' lang='lat' dir='ltr'>cruciatim</span> 
     </span>
     <span class='ocr_line' id='line_1_5' title="bbox 207 441 364 483; baseline -0.006 0"><span class='ocrx_word' id='word_1_22' title='bbox 207 441 364 483; x_wconf 82' lang='lat' dir='ltr'>divisae.</span> 
     </span>
    </p>
   </div>
   <div class='ocr_carea' id='block_1_3' title="bbox 94 553 1630 1298">
    <p class='ocr_par' dir='ltr' id='par_1_3' title="bbox 94 553 1630 1298">
     <span class='ocr_line' id='line_1_6' title="bbox 207 553 1629 612; baseline -0.004 -12"><span class='ocrx_word' id='word_1_23' title='bbox 207 559 438 600; x_wconf 82' lang='lat' dir='ltr'>Structura</span> <span class='ocrx_word' id='word_1_24' title='bbox 468 557 836 612; x_wconf 84' lang='lat' dir='ltr'>cystocarpiorum</span> <span class='ocrx_word' id='word_1_25' title='bbox 868 557 1013 598; x_wconf 71' lang='lat' dir='ltr'>Genus</span> <span class='ocrx_word' id='word_1_26' title='bbox 1045 569 1143 597; x_wconf 87' lang='lat' dir='ltr'>cum</span> <span class='ocrx_word' id='word_1_27' title='bbox 1172 555 1318 597; x_wconf 88' lang='lat' dir='ltr'>Horea</span> <span class='ocrx_word' id='word_1_28' title='bbox 1347 558 1390 596; x_wconf 88' lang='lat' dir='ltr'>et</span> <span class='ocrx_word' id='word_1_29' title='bbox 1418 553 1629 606; x_wconf 83' lang='lat' dir='ltr'>Champia</span> 
     </span>
     <span class='ocr_line' id='line_1_7' title="bbox 94 621 1630 682; baseline -0.005 -13"><span class='ocrx_word' id='word_1_30' title='bbox 94 628 309 682; x_wconf 77' lang='lat' dir='ltr'>praecipue</span> <span class='ocrx_word' id='word_1_31' title='bbox 340 627 549 668; x_wconf 82' lang='lat' dir='ltr'>convenit.</span> <span class='ocrx_word' id='word_1_32' title='bbox 609 625 797 668; x_wconf 86' lang='lat' dir='ltr'>Nucleus</span> <span class='ocrx_word' id='word_1_33' title='bbox 835 625 951 666; x_wconf 88' lang='lat' dir='ltr'>intra</span> <span class='ocrx_word' id='word_1_34' title='bbox 989 623 1278 677; x_wconf 84' lang='lat' dir='ltr'>pericarpium</span> <span class='ocrx_word' id='word_1_35' title='bbox 1316 623 1502 676; x_wconf 81' lang='lat' dir='ltr'>cingitur</span> <span class='ocrx_word' id='word_1_36' title='bbox 1540 621 1630 662; x_wconf 88' lang='lat' dir='ltr'>tela</span> 
     </span>
     <span class='ocr_line' id='line_1_8' title="bbox 94 691 1630 745; baseline -0.004 -7"><span class='ocrx_word' id='word_1_37' title='bbox 94 695 384 738; x_wconf 86' lang='lat' dir='ltr'>arachnoidea</span> <span class='ocrx_word' id='word_1_38' title='bbox 430 696 583 738; x_wconf 82' lang='lat' dir='ltr'>eximie</span> <span class='ocrx_word' id='word_1_39' title='bbox 629 695 812 745; x_wconf 86' lang='lat' dir='ltr'>evoluta,</span> <span class='ocrx_word' id='word_1_40' title='bbox 858 694 1120 736; x_wconf 89' lang='lat' dir='ltr'>tenuissimis</span> <span class='ocrx_word' id='word_1_41' title='bbox 1165 693 1248 735; x_wconf 86' lang='lat' dir='ltr'>filis</span> <span class='ocrx_word' id='word_1_42' title='bbox 1295 693 1338 734; x_wconf 84' lang='lat' dir='ltr'>in</span> <span class='ocrx_word' id='word_1_43' title='bbox 1376 691 1630 745; x_wconf 86' lang='lat' dir='ltr'>reetangula</span> 
     </span>
     <span class='ocr_line' id='line_1_9' title="bbox 94 761 1629 817; baseline -0.003 -10"><span class='ocrx_word' id='word_1_44' title='bbox 94 766 518 808; x_wconf 79' lang='lat' dir='ltr'>anastomosantibus</span> <span class='ocrx_word' id='word_1_45' title='bbox 550 765 796 806; x_wconf 84' lang='lat' dir='ltr'>constituta.</span> <span class='ocrx_word' id='word_1_46' title='bbox 856 764 953 817; x_wconf 87' lang='lat' dir='ltr'>Ipse</span> <span class='ocrx_word' id='word_1_47' title='bbox 984 763 1246 817; x_wconf 88' lang='lat' dir='ltr'>placentaris</span> <span class='ocrx_word' id='word_1_48' title='bbox 1276 762 1427 815; x_wconf 83' lang='lat' dir='ltr'>plexus</span> <span class='ocrx_word' id='word_1_49' title='bbox 1459 761 1629 802; x_wconf 80' lang='lat' dir='ltr'>circiter</span> 
     </span>
     <span class='ocr_line' id='line_1_10' title="bbox 95 829 1630 884; baseline -0.004 -8"><span class='ocrx_word' id='word_1_50' title='bbox 95 835 209 877; x_wconf 78' lang='lat' dir='ltr'>infra</span> <span class='ocrx_word' id='word_1_51' title='bbox 238 835 428 876; x_wconf 87' lang='lat' dir='ltr'>medium</span> <span class='ocrx_word' id='word_1_52' title='bbox 457 834 554 875; x_wconf 77' lang='lat' dir='ltr'>telae</span> <span class='ocrx_word' id='word_1_53' title='bbox 585 832 885 875; x_wconf 81' lang='lat' dir='ltr'>arachnoideae</span> <span class='ocrx_word' id='word_1_54' title='bbox 915 831 1140 882; x_wconf 86' lang='lat' dir='ltr'>formatus,</span> <span class='ocrx_word' id='word_1_55' title='bbox 1173 831 1367 872; x_wconf 80' lang='lat' dir='ltr'>articulis</span> <span class='ocrx_word' id='word_1_56' title='bbox 1399 829 1630 884; x_wconf 83' lang='lat' dir='ltr'>gemmidia</span> 
     </span>
     <span class='ocr_line' id='line_1_11' title="bbox 97 899 1629 958; baseline -0.003 -14"><span class='ocrx_word' id='word_1_57' title='bbox 97 903 225 957; x_wconf 86' lang='lat' dir='ltr'>plura</span> <span class='ocrx_word' id='word_1_58' title='bbox 255 903 576 958; x_wconf 71' lang='lat' dir='ltr'>generantibus,</span> <span class='ocrx_word' id='word_1_59' title='bbox 609 906 651 944; x_wconf 90' lang='lat' dir='ltr'>et</span> <span class='ocrx_word' id='word_1_60' title='bbox 682 902 887 944; x_wconf 82' lang='lat' dir='ltr'>nucleolis</span> <span class='ocrx_word' id='word_1_61' title='bbox 919 902 963 942; x_wconf 92' lang='lat' dir='ltr'>in</span> <span class='ocrx_word' id='word_1_62' title='bbox 993 901 1205 953; x_wconf 81' lang='lat' dir='ltr'>nucleum,</span> <span class='ocrx_word' id='word_1_63' title='bbox 1246 914 1369 942; x_wconf 90' lang='lat' dir='ltr'>muco</span> <span class='ocrx_word' id='word_1_64' title='bbox 1415 899 1629 941; x_wconf 89' lang='lat' dir='ltr'>communi</span> 
     </span>
     <span class='ocr_line' id='line_1_12' title="bbox 96 968 1628 1027; baseline -0.003 -15"><span class='ocrx_word' id='word_1_65' title='bbox 96 973 219 1027; x_wconf 80' lang='lat' dir='ltr'>quasi</span> <span class='ocrx_word' id='word_1_66' title='bbox 251 972 489 1014; x_wconf 88' lang='lat' dir='ltr'>cohibitum</span> <span class='ocrx_word' id='word_1_67' title='bbox 527 971 878 1013; x_wconf 80' lang='lat' dir='ltr'>coalescentibus.</span> <span class='ocrx_word' id='word_1_68' title='bbox 940 969 1027 1012; x_wconf 89' lang='lat' dir='ltr'>Nec</span> <span class='ocrx_word' id='word_1_69' title='bbox 1066 973 1286 1011; x_wconf 83' lang='lat' dir='ltr'>structura</span> <span class='ocrx_word' id='word_1_70' title='bbox 1322 968 1487 1010; x_wconf 82' lang='lat' dir='ltr'>frondis</span> <span class='ocrx_word' id='word_1_71' title='bbox 1517 968 1628 1008; x_wconf 85' lang='lat' dir='ltr'>Fau-</span> 
     </span>
     <span class='ocr_line' id='line_1_13' title="bbox 94 1035 1628 1092; baseline -0.004 -10"><span class='ocrx_word' id='word_1_72' title='bbox 94 1041 201 1082; x_wconf 87' lang='lat' dir='ltr'>chea</span> <span class='ocrx_word' id='word_1_73' title='bbox 231 1054 257 1082; x_wconf 90' lang='lat' dir='ltr'>a</span> <span class='ocrx_word' id='word_1_74' title='bbox 286 1040 431 1082; x_wconf 91' lang='lat' dir='ltr'>Horea</span> <span class='ocrx_word' id='word_1_75' title='bbox 469 1040 703 1082; x_wconf 85' lang='lat' dir='ltr'>admodum</span> <span class='ocrx_word' id='word_1_76' title='bbox 739 1039 913 1081; x_wconf 83' lang='lat' dir='ltr'>recedit.</span> <span class='ocrx_word' id='word_1_77' title='bbox 974 1038 1201 1092; x_wconf 83' lang='lat' dir='ltr'>Adparatu</span> <span class='ocrx_word' id='word_1_78' title='bbox 1232 1040 1377 1079; x_wconf 86' lang='lat' dir='ltr'>autem</span> <span class='ocrx_word' id='word_1_79' title='bbox 1408 1035 1628 1078; x_wconf 88' lang='lat' dir='ltr'>nemathe-</span> 
     </span>
     <span class='ocr_line' id='line_1_14' title="bbox 94 1104 1628 1160; baseline -0.003 -9"><span class='ocrx_word' id='word_1_80' title='bbox 94 1110 257 1151; x_wconf 82' lang='lat' dir='ltr'>ciorum</span> <span class='ocrx_word' id='word_1_81' title='bbox 290 1109 490 1150; x_wconf 87' lang='lat' dir='ltr'>Fauchea</span> <span class='ocrx_word' id='word_1_82' title='bbox 520 1109 574 1151; x_wconf 89' lang='lat' dir='ltr'>ab</span> <span class='ocrx_word' id='word_1_83' title='bbox 606 1108 804 1149; x_wconf 84' lang='lat' dir='ltr'>affinibus</span> <span class='ocrx_word' id='word_1_84' title='bbox 836 1107 1079 1149; x_wconf 81' lang='lat' dir='ltr'>Generibus</span> <span class='ocrx_word' id='word_1_85' title='bbox 1110 1106 1415 1160; x_wconf 83' lang='lat' dir='ltr'>distinguatur.</span> <span class='ocrx_word' id='word_1_86' title='bbox 1466 1106 1517 1146; x_wconf 92' lang='lat' dir='ltr'>In</span> <span class='ocrx_word' id='word_1_87' title='bbox 1548 1104 1628 1158; x_wconf 87' lang='lat' dir='ltr'>Ty-</span> 
     </span>
     <span class='ocr_line' id='line_1_15' title="bbox 94 1173 1629 1232; baseline -0.003 -12"><span class='ocrx_word' id='word_1_88' title='bbox 94 1177 317 1232; x_wconf 86' lang='lat' dir='ltr'>locarpeis,</span> <span class='ocrx_word' id='word_1_89' title='bbox 364 1191 548 1231; x_wconf 85' lang='lat' dir='ltr'>quorum</span> <span class='ocrx_word' id='word_1_90' title='bbox 593 1176 758 1218; x_wconf 86' lang='lat' dir='ltr'>fructus</span> <span class='ocrx_word' id='word_1_91' title='bbox 804 1175 1209 1229; x_wconf 82' lang='lat' dir='ltr'>spliaerosporiferos</span> <span class='ocrx_word' id='word_1_92' title='bbox 1250 1174 1493 1216; x_wconf 79' lang='lat' dir='ltr'>consimiles</span> <span class='ocrx_word' id='word_1_93' title='bbox 1534 1173 1629 1228; x_wconf 87' lang='lat' dir='ltr'>quis</span> 
     </span>
     <span class='ocr_line' id='line_1_16' title="bbox 95 1242 1417 1298; baseline -0.004 -10"><span class='ocrx_word' id='word_1_94' title='bbox 95 1246 244 1289; x_wconf 87' lang='lat' dir='ltr'>forsan</span> <span class='ocrx_word' id='word_1_95' title='bbox 275 1245 484 1295; x_wconf 82' lang='lat' dir='ltr'>crederet,</span> <span class='ocrx_word' id='word_1_96' title='bbox 516 1246 683 1286; x_wconf 84' lang='lat' dir='ltr'>fructus</span> <span class='ocrx_word' id='word_1_97' title='bbox 715 1244 963 1298; x_wconf 86' lang='lat' dir='ltr'>capsulares</span> <span class='ocrx_word' id='word_1_98' title='bbox 995 1247 1095 1285; x_wconf 89' lang='lat' dir='ltr'>sunt</span> <span class='ocrx_word' id='word_1_99' title='bbox 1127 1242 1417 1285; x_wconf 88' lang='lat' dir='ltr'>diversissimi.</span> 
     </span>
    </p>
   </div>
   <div class='ocr_carea' id='block_1_4' title="bbox 99 1369 1633 1767">
    <p class='ocr_par' dir='ltr' id='par_1_4' title="bbox 99 1369 1633 1767">
     <span class='ocr_line' id='line_1_17' title="bbox 99 1369 1630 1427; baseline -0.003 -12"><span class='ocrx_word' id='word_1_100' title='bbox 99 1376 135 1415; x_wconf 94' lang='grc'><strong>1.</strong></span> <span class='ocrx_word' id='word_1_101' title='bbox 168 1375 211 1415; x_wconf 87' lang='lat' dir='ltr'>F.</span> <span class='ocrx_word' id='word_1_102' title='bbox 243 1388 395 1415; x_wconf 67' lang='lat' dir='ltr'>anrnns</span> <span class='ocrx_word' id='word_1_103' title='bbox 427 1373 526 1427; x_wconf 67' lang='lat' dir='ltr'><strong><em>(Agl.</em></strong></span> <span class='ocrx_word' id='word_1_104' title='bbox 562 1373 633 1426; x_wconf 70' lang='lat' dir='ltr'>Sp.</span> <span class='ocrx_word' id='word_1_105' title='bbox 671 1372 769 1427; x_wconf 64' lang='lat' dir='ltr'><strong><em>Azy.</em></strong></span> <span class='ocrx_word' id='word_1_106' title='bbox 799 1387 847 1425; x_wconf 72' lang='lat' dir='ltr'>p.</span> <span class='ocrx_word' id='word_1_107' title='bbox 885 1373 982 1425; x_wconf 75' lang='lat'>244)</span> <span class='ocrx_word' id='word_1_108' title='bbox 1027 1371 1179 1413; x_wconf 88' lang='lat' dir='ltr'>fronde</span> <span class='ocrx_word' id='word_1_109' title='bbox 1227 1370 1364 1413; x_wconf 87' lang='lat' dir='ltr'>sessili</span> <span class='ocrx_word' id='word_1_110' title='bbox 1407 1369 1630 1424; x_wconf 85' lang='lat' dir='ltr'>depresso-</span> 
     </span>
     <span class='ocr_line' id='line_1_18' title="bbox 210 1438 1631 1496; baseline -0.004 -12"><span class='ocrx_word' id='word_1_111' title='bbox 210 1456 400 1496; x_wconf 83' lang='lat' dir='ltr'>expansa</span> <span class='ocrx_word' id='word_1_112' title='bbox 431 1441 612 1495; x_wconf 87' lang='lat' dir='ltr'>repetite</span> <span class='ocrx_word' id='word_1_113' title='bbox 643 1441 903 1492; x_wconf 85' lang='lat' dir='ltr'>dichotoma,</span> <span class='ocrx_word' id='word_1_114' title='bbox 941 1440 1174 1493; x_wconf 77' lang='lat' dir='ltr'>segmentis</span> <span class='ocrx_word' id='word_1_115' title='bbox 1212 1438 1451 1481; x_wconf 88' lang='lat' dir='ltr'>linearibus</span> <span class='ocrx_word' id='word_1_116' title='bbox 1482 1440 1631 1492; x_wconf 81' lang='lat' dir='ltr'>paten-</span> 
     </span>
     <span class='ocr_line' id='line_1_19' title="bbox 206 1506 1632 1563; baseline -0.003 -11"><span class='ocrx_word' id='word_1_117' title='bbox 206 1511 335 1562; x_wconf 88' lang='lat' dir='ltr'>tibus,</span> <span class='ocrx_word' id='word_1_118' title='bbox 368 1509 669 1552; x_wconf 86' lang='lat' dir='ltr'>terminalibus</span> <span class='ocrx_word' id='word_1_119' title='bbox 702 1509 880 1560; x_wconf 87' lang='lat' dir='ltr'>obtusis,</span> <span class='ocrx_word' id='word_1_120' title='bbox 911 1508 1192 1563; x_wconf 85' lang='lat' dir='ltr'>cystocarpiis</span> <span class='ocrx_word' id='word_1_121' title='bbox 1214 1507 1526 1561; x_wconf 80' lang='lat' dir='ltr'>marginalibus</span> <span class='ocrx_word' id='word_1_122' title='bbox 1557 1506 1632 1548; x_wconf 89' lang='lat' dir='ltr'>ob-</span> 
     </span>
     <span class='ocr_line' id='line_1_20' title="bbox 208 1575 1631 1630; baseline -0.004 -10"><span class='ocrx_word' id='word_1_123' title='bbox 208 1579 327 1620; x_wconf 85' lang='lat' dir='ltr'>tusis.</span> <span class='ocrx_word' id='word_1_124' title='bbox 371 1578 571 1620; x_wconf 62' lang='lat' dir='ltr'>Fauc‘hea</span> <span class='ocrx_word' id='word_1_125' title='bbox 606 1591 756 1630; x_wconf 66' lang='lat' dir='ltr'>repens</span> <span class='ocrx_word' id='word_1_126' title='bbox 796 1577 932 1619; x_wconf 61' lang='lat' dir='ltr'>Mouet.</span> <span class='ocrx_word' id='word_1_127' title='bbox 975 1576 1045 1618; x_wconf 78' lang='lat' dir='ltr'>Fl.</span> <span class='ocrx_word' id='word_1_128' title='bbox 1083 1576 1180 1630; x_wconf 66' lang='lat' dir='ltr'><strong><em>Azy.</em></strong></span> <span class='ocrx_word' id='word_1_129' title='bbox 1204 1590 1251 1629; x_wconf 70' lang='lat'>2).</span> <span class='ocrx_word' id='word_1_130' title='bbox 1282 1577 1335 1616; x_wconf 68' lang='lat'>&lt;54</span> <span class='ocrx_word' id='word_1_131' title='bbox 1368 1575 1451 1616; x_wconf 67' lang='lat' dir='ltr'>tab.</span> <span class='ocrx_word' id='word_1_132' title='bbox 1488 1576 1535 1615; x_wconf 78' lang='grc'><strong>16</strong></span> <span class='ocrx_word' id='word_1_133' title='bbox 1564 1577 1631 1628; x_wconf 65' lang='lat' dir='ltr'>siff.</span> 
     </span>
     <span class='ocr_line' id='line_1_21' title="bbox 212 1643 1633 1700; baseline -0.002 -12"><span class='ocrx_word' id='word_1_134' title='bbox 212 1649 246 1688; x_wconf 92' lang='grc'><strong>1.</strong></span> <span class='ocrx_word' id='word_1_135' title='bbox 280 1647 324 1689; x_wconf 84' lang='lat' dir='ltr'>J.</span> <span class='ocrx_word' id='word_1_136' title='bbox 357 1646 437 1700; x_wconf 70' lang='lat' dir='ltr'>Ay.</span> <span class='ocrx_word' id='word_1_137' title='bbox 473 1646 544 1699; x_wconf 69' lang='lat' dir='ltr'>Sp.</span> <span class='ocrx_word' id='word_1_138' title='bbox 572 1660 615 1699; x_wconf 71' lang='lat'>21.</span> <span class='ocrx_word' id='word_1_139' title='bbox 648 1646 741 1687; x_wconf 78' lang='lat'>218.</span> <span class='ocrx_word' id='word_1_140' title='bbox 777 1646 907 1687; x_wconf 61' lang='grc' dir='ltr'><em>Κὶἑίε.</em></span> <span class='ocrx_word' id='word_1_141' title='bbox 941 1646 1023 1687; x_wconf 68' lang='lat' dir='ltr'>tab.</span> <span class='ocrx_word' id='word_1_142' title='bbox 1059 1644 1188 1699; x_wconf 71' lang='lat' dir='ltr'>Plcyc.</span> <span class='ocrx_word' id='word_1_143' title='bbox 1230 1644 1318 1686; x_wconf 67' lang='lat' dir='ltr'>Vol.</span> <span class='ocrx_word' id='word_1_144' title='bbox 1346 1643 1534 1686; x_wconf 89' lang='lat' dir='ltr'><strong><em>XVIII</em></strong></span> <span class='ocrx_word' id='word_1_145' title='bbox 1549 1643 1633 1685; x_wconf 68' lang='lat' dir='ltr'>mh.</span> 
     </span>
     <span class='ocr_line' id='line_1_22' title="bbox 210 1711 998 1767; baseline -0.001 -12"><span class='ocrx_word' id='word_1_146' title='bbox 210 1716 275 1756; x_wconf 83' lang='lat'>71.</span> <span class='ocrx_word' id='word_1_147' title='bbox 310 1714 626 1767; x_wconf 58' lang='lat' dir='ltr'>&amp;dfferor-occas</span> <span class='ocrx_word' id='word_1_148' title='bbox 657 1727 808 1766; x_wconf 72' lang='lat' dir='ltr'>repens</span> <span class='ocrx_word' id='word_1_149' title='bbox 841 1711 885 1756; x_wconf 81' lang='lat' dir='ltr'>C.</span> <span class='ocrx_word' id='word_1_150' title='bbox 918 1712 998 1765; x_wconf 72' lang='lat' dir='ltr'>Ay.</span> 
     </span>
    </p>
   </div>
   <div class='ocr_carea' id='block_1_5' title="bbox 211 1791 1421 1845">
    <p class='ocr_par' dir='ltr' id='par_1_5' title="bbox 211 1791 1421 1845">
     <span class='ocr_line' id='line_1_23' title="bbox 211 1791 1421 1845; baseline -0.002 -10"><span class='ocrx_word' id='word_1_151' title='bbox 211 1795 261 1836; x_wconf 85' lang='lat' dir='ltr'>In</span> <span class='ocrx_word' id='word_1_152' title='bbox 292 1794 498 1835; x_wconf 86' lang='lat' dir='ltr'>atlantico</span> <span class='ocrx_word' id='word_1_153' title='bbox 529 1793 748 1845; x_wconf 83' lang='lat' dir='ltr'>calidiore,</span> <span class='ocrx_word' id='word_1_154' title='bbox 780 1793 1097 1835; x_wconf 85' lang='lat' dir='ltr'>mediterraneo</span> <span class='ocrx_word' id='word_1_155' title='bbox 1128 1796 1171 1834; x_wconf 90' lang='lat' dir='ltr'>et</span> <span class='ocrx_word' id='word_1_156' title='bbox 1200 1791 1421 1833; x_wconf 88' lang='lat' dir='ltr'>adriatico.</span> 
     </span>
    </p>
   </div>
   <div class='ocr_carea' id='block_1_6' title="bbox 98 1917 1668 2375">
    <p class='ocr_par' dir='ltr' id='par_1_6' title="bbox 98 1917 1668 2375">
     <span class='ocr_line' id='line_1_24' title="bbox 98 1917 1633 1975; baseline -0.004 -11"><span class='ocrx_word' id='word_1_157' title='bbox 98 1926 135 1964; x_wconf 69' lang='lat'>2.</span> <span class='ocrx_word' id='word_1_158' title='bbox 168 1923 212 1965; x_wconf 82' lang='lat' dir='ltr'>F.</span> <span class='ocrx_word' id='word_1_159' title='bbox 245 1935 457 1963; x_wconf 65' lang='lat' dir='ltr'>(tononATA</span> <span class='ocrx_word' id='word_1_160' title='bbox 489 1921 649 1975; x_wconf 75' lang='lat' dir='ltr'>(Harv.</span> <span class='ocrx_word' id='word_1_161' title='bbox 682 1920 780 1973; x_wconf 66' lang='lat' dir='ltr'>Aly.</span> <span class='ocrx_word' id='word_1_162' title='bbox 812 1923 947 1961; x_wconf 69' lang='lat' dir='ltr'>cous-tr.</span> <span class='ocrx_word' id='word_1_163' title='bbox 983 1933 1067 1961; x_wconf 72' lang='lat' dir='ltr'>eoes.</span> <span class='ocrx_word' id='word_1_164' title='bbox 1101 1933 1169 1961; x_wconf 66' lang='lat' dir='ltr'>mo</span> <span class='ocrx_word' id='word_1_165' title='bbox 1200 1920 1303 1974; x_wconf 81' lang='lat'>406)</span> <span class='ocrx_word' id='word_1_166' title='bbox 1333 1917 1486 1959; x_wconf 82' lang='lat' dir='ltr'>fronde</span> <span class='ocrx_word' id='word_1_167' title='bbox 1517 1932 1633 1959; x_wconf 84' lang='lat' dir='ltr'>erec-</span> 
     </span>
     <span class='ocr_line' id='line_1_25' title="bbox 211 1985 1633 2042; baseline -0.004 -10"><span class='ocrx_word' id='word_1_168' title='bbox 211 1990 397 2032; x_wconf 84' lang='lat' dir='ltr'>tiuscula</span> <span class='ocrx_word' id='word_1_169' title='bbox 428 1989 610 2042; x_wconf 82' lang='lat' dir='ltr'>repetite</span> <span class='ocrx_word' id='word_1_170' title='bbox 641 1988 899 2038; x_wconf 89' lang='lat' dir='ltr'>dichotoma,</span> <span class='ocrx_word' id='word_1_171' title='bbox 932 2001 1043 2028; x_wconf 89' lang='lat' dir='ltr'>nunc</span> <span class='ocrx_word' id='word_1_172' title='bbox 1075 1987 1306 2040; x_wconf 81' lang='lat' dir='ltr'>segmentis</span> <span class='ocrx_word' id='word_1_173' title='bbox 1338 1987 1381 2027; x_wconf 91' lang='lat' dir='ltr'>in</span> <span class='ocrx_word' id='word_1_174' title='bbox 1413 1985 1528 2027; x_wconf 89' lang='lat' dir='ltr'>latus</span> <span class='ocrx_word' id='word_1_175' title='bbox 1561 1987 1633 2027; x_wconf 91' lang='lat' dir='ltr'>de-</span> 
     </span>
     <span class='ocr_line' id='line_1_26' title="bbox 208 2054 1635 2113; baseline -0.004 -13"><span class='ocrx_word' id='word_1_176' title='bbox 208 2059 333 2113; x_wconf 83' lang='lat' dir='ltr'>jectis</span> <span class='ocrx_word' id='word_1_177' title='bbox 364 2058 488 2111; x_wconf 81' lang='lat' dir='ltr'>quasi</span> <span class='ocrx_word' id='word_1_178' title='bbox 510 2057 702 2111; x_wconf 87' lang='lat' dir='ltr'>pinnata,</span> <span class='ocrx_word' id='word_1_179' title='bbox 726 2056 957 2110; x_wconf 84' lang='lat' dir='ltr'>segmentis</span> <span class='ocrx_word' id='word_1_180' title='bbox 978 2055 1215 2097; x_wconf 87' lang='lat' dir='ltr'>linearibus</span> <span class='ocrx_word' id='word_1_181' title='bbox 1247 2059 1325 2096; x_wconf 87' lang='lat' dir='ltr'>aut</span> <span class='ocrx_word' id='word_1_182' title='bbox 1345 2054 1459 2095; x_wconf 83' lang='lat' dir='ltr'>infra</span> <span class='ocrx_word' id='word_1_183' title='bbox 1480 2054 1635 2096; x_wconf 82' lang='lat' dir='ltr'>axillas</span> 
     </span>
     <span class='ocr_line' id='line_1_27' title="bbox 213 2122 1636 2178; baseline -0.003 -11"><span class='ocrx_word' id='word_1_184' title='bbox 213 2125 503 2174; x_wconf 80' lang='lat' dir='ltr'>subcuneatis,</span> <span class='ocrx_word' id='word_1_185' title='bbox 537 2124 845 2171; x_wconf 78' lang='lat' dir='ltr'>erectiusculis,</span> <span class='ocrx_word' id='word_1_186' title='bbox 877 2124 1178 2165; x_wconf 86' lang='lat' dir='ltr'>terminalibus</span> <span class='ocrx_word' id='word_1_187' title='bbox 1211 2122 1388 2175; x_wconf 85' lang='lat' dir='ltr'>obtusis,</span> <span class='ocrx_word' id='word_1_188' title='bbox 1420 2127 1636 2178; x_wconf 79' lang='lat' dir='ltr'>cystocar-</span> 
     </span>
     <span class='ocr_line' id='line_1_28' title="bbox 213 2191 1668 2248; baseline -0.001 -13"><span class='ocrx_word' id='word_1_189' title='bbox 213 2195 294 2248; x_wconf 83' lang='lat' dir='ltr'>piis</span> <span class='ocrx_word' id='word_1_190' title='bbox 324 2192 639 2247; x_wconf 83' lang='lat' dir='ltr'>marginalibus</span> <span class='ocrx_word' id='word_1_191' title='bbox 670 2196 712 2234; x_wconf 84' lang='lat' dir='ltr'>et</span> <span class='ocrx_word' id='word_1_192' title='bbox 743 2206 819 2245; x_wconf 84' lang='lat' dir='ltr'>per</span> <span class='ocrx_word' id='word_1_193' title='bbox 865 2191 1030 2234; x_wconf 82' lang='lat' dir='ltr'>discum</span> <span class='ocrx_word' id='word_1_194' title='bbox 1077 2192 1239 2245; x_wconf 85' lang='lat' dir='ltr'>sparsis</span> <span class='ocrx_word' id='word_1_195' title='bbox 1285 2191 1636 2245; x_wconf 86' lang='lat' dir='ltr'>angulato-coro-</span> <span class='ocrx_word' id='word_1_196' title='bbox 1666 2212 1668 2214; x_wconf 55' lang='grc'>’</span> 
     </span>
     <span class='ocr_line' id='line_1_29' title="bbox 214 2259 1635 2316; baseline -0.001 -12"><span class='ocrx_word' id='word_1_197' title='bbox 214 2264 341 2305; x_wconf 86' lang='lat' dir='ltr'>natis.</span> <span class='ocrx_word' id='word_1_198' title='bbox 389 2261 670 2316; x_wconf 70' lang='lat' dir='ltr'>Callophyllc&#39;s</span> <span class='ocrx_word' id='word_1_199' title='bbox 715 2264 915 2303; x_wconf 69' lang='lat' dir='ltr'>coronata</span> <span class='ocrx_word' id='word_1_200' title='bbox 962 2260 1099 2303; x_wconf 72' lang='lat' dir='ltr'>Hccrv.</span> <span class='ocrx_word' id='word_1_201' title='bbox 1133 2261 1158 2302; x_wconf 83' lang='lat' dir='ltr'>Z.</span> <span class='ocrx_word' id='word_1_202' title='bbox 1189 2275 1221 2302; x_wconf 79' lang='lat' dir='ltr'>c.</span> <span class='ocrx_word' id='word_1_203' title='bbox 1253 2263 1290 2302; x_wconf 69' lang='lat' dir='ltr'>et</span> <span class='ocrx_word' id='word_1_204' title='bbox 1324 2259 1456 2313; x_wconf 72' lang='lat' dir='ltr'>Phyc.</span> <span class='ocrx_word' id='word_1_205' title='bbox 1502 2263 1635 2302; x_wconf 68' lang='lat' dir='ltr'>constr.</span> 
     </span>
     <span class='ocr_line' id='line_1_30' title="bbox 215 2333 393 2375; baseline -0.011 0"><span class='ocrx_word' id='word_1_206' title='bbox 215 2333 296 2375; x_wconf 72' lang='lat' dir='ltr'>tab.</span> <span class='ocrx_word' id='word_1_207' title='bbox 328 2334 393 2373; x_wconf 76' lang='lat'>97.</span> 
     </span>
    </p>
   </div>
   <div class='ocr_carea' id='block_1_7' title="bbox 368 2410 999 2455">
    <p class='ocr_par' dir='ltr' id='par_1_7' title="bbox 368 2410 999 2455">
     <span class='ocr_line' id='line_1_31' title="bbox 368 2410 999 2455; baseline -0.006 0"><span class='ocrx_word' id='word_1_208' title='bbox 368 2413 489 2455; x_wconf 87' lang='lat' dir='ltr'>Nova</span> <span class='ocrx_word' id='word_1_209' title='bbox 518 2411 752 2454; x_wconf 89' lang='lat' dir='ltr'>Hollandia</span> <span class='ocrx_word' id='word_1_210' title='bbox 782 2410 999 2452; x_wconf 88' lang='lat' dir='ltr'>australis.</span> 
     </span>
    </p>
   </div>
   <div class='ocr_carea' id='block_1_8' title="bbox 97 2501 1638 2893">
    <p class='ocr_par' dir='ltr' id='par_1_8' title="bbox 97 2501 1638 2893">
     <span class='ocr_line' id='line_1_32' title="bbox 194 2501 1635 2547; baseline -0.003 -7"><span class='ocrx_word' id='word_1_211' title='bbox 194 2506 394 2540; x_wconf 72' lang='lat' dir='ltr'>Sti-notura</span> <span class='ocrx_word' id='word_1_212' title='bbox 418 2504 577 2547; x_wconf 87' lang='lat' dir='ltr'>frondis,</span> <span class='ocrx_word' id='word_1_213' title='bbox 603 2514 739 2547; x_wconf 86' lang='lat' dir='ltr'>nempe</span> <span class='ocrx_word' id='word_1_214' title='bbox 764 2502 913 2536; x_wconf 81' lang='lat' dir='ltr'>cellulis</span> <span class='ocrx_word' id='word_1_215' title='bbox 947 2502 1156 2538; x_wconf 82' lang='lat' dir='ltr'>minoribus</span> <span class='ocrx_word' id='word_1_216' title='bbox 1195 2503 1295 2537; x_wconf 83' lang='lat' dir='ltr'>circa</span> <span class='ocrx_word' id='word_1_217' title='bbox 1330 2501 1534 2536; x_wconf 80' lang='lat' dir='ltr'>interiores</span> <span class='ocrx_word' id='word_1_218' title='bbox 1561 2513 1635 2536; x_wconf 85' lang='lat' dir='ltr'>ma-</span> 
     </span>
     <span class='ocr_line' id='line_1_33' title="bbox 97 2560 1638 2609; baseline -0.002 -13"><span class='ocrx_word' id='word_1_219' title='bbox 97 2565 202 2609; x_wconf 81' lang='lat' dir='ltr'>jores</span> <span class='ocrx_word' id='word_1_220' title='bbox 229 2563 405 2606; x_wconf 70' lang='lat' dir='ltr'>evolutis,</span> <span class='ocrx_word' id='word_1_221' title='bbox 431 2563 477 2596; x_wconf 81' lang='lat' dir='ltr'>ad</span> <span class='ocrx_word' id='word_1_222' title='bbox 505 2561 834 2606; x_wconf 74' lang='lat' dir='ltr'>Callophyllidem‚</span> <span class='ocrx_word' id='word_1_223' title='bbox 874 2560 933 2594; x_wconf 75' lang='lat' dir='ltr'>cui</span> <span class='ocrx_word' id='word_1_224' title='bbox 971 2560 1108 2594; x_wconf 77' lang='lat' dir='ltr'>Generi</span> <span class='ocrx_word' id='word_1_225' title='bbox 1135 2573 1156 2595; x_wconf 81' lang='lat' dir='ltr'>a</span> <span class='ocrx_word' id='word_1_226' title='bbox 1180 2561 1353 2604; x_wconf 81' lang='lat' dir='ltr'>Harveyo</span> <span class='ocrx_word' id='word_1_227' title='bbox 1390 2560 1638 2594; x_wconf 70' lang='lat' dir='ltr'>adnumerata</span> 
     </span>
     <span class='ocr_line' id='line_1_34' title="bbox 103 2616 1636 2664; baseline -0.003 -9"><span class='ocrx_word' id='word_1_228' title='bbox 103 2622 187 2664; x_wconf 82' lang='lat' dir='ltr'>fuit,</span> <span class='ocrx_word' id='word_1_229' title='bbox 212 2621 294 2655; x_wconf 64' lang='lat' dir='ltr'>haee</span> <span class='ocrx_word' id='word_1_230' title='bbox 320 2620 466 2664; x_wconf 80' lang='lat' dir='ltr'>specics</span> <span class='ocrx_word' id='word_1_231' title='bbox 493 2619 651 2653; x_wconf 82' lang='lat' dir='ltr'>accedit.</span> <span class='ocrx_word' id='word_1_232' title='bbox 700 2618 751 2652; x_wconf 87' lang='lat' dir='ltr'>At</span> <span class='ocrx_word' id='word_1_233' title='bbox 775 2618 901 2652; x_wconf 84' lang='lat' dir='ltr'>fructu</span> <span class='ocrx_word' id='word_1_234' title='bbox 927 2618 1116 2662; x_wconf 81' lang='lat' dir='ltr'>capsulari</span> <span class='ocrx_word' id='word_1_235' title='bbox 1143 2630 1226 2653; x_wconf 87' lang='lat' dir='ltr'>cum</span> <span class='ocrx_word' id='word_1_236' title='bbox 1252 2618 1426 2652; x_wconf 76' lang='lat' dir='ltr'>Fauchea</span> <span class='ocrx_word' id='word_1_237' title='bbox 1444 2616 1636 2659; x_wconf 82' lang='lat' dir='ltr'>convenit,</span> 
     </span>
     <span class='ocr_line' id='line_1_35' title="bbox 103 2674 1636 2719; baseline -0.003 -8"><span class='ocrx_word' id='word_1_238' title='bbox 103 2677 235 2712; x_wconf 79' lang='lat' dir='ltr'>habitu</span> <span class='ocrx_word' id='word_1_239' title='bbox 272 2689 347 2711; x_wconf 85' lang='lat' dir='ltr'>non</span> <span class='ocrx_word' id='word_1_240' title='bbox 386 2676 586 2711; x_wconf 85' lang='lat' dir='ltr'>admodum</span> <span class='ocrx_word' id='word_1_241' title='bbox 624 2676 843 2711; x_wconf 83' lang='lat' dir='ltr'>abludente.</span> <span class='ocrx_word' id='word_1_242' title='bbox 899 2674 1182 2719; x_wconf 76' lang='lat' dir='ltr'>Sphaerosporis</span> <span class='ocrx_word' id='word_1_243' title='bbox 1220 2676 1387 2709; x_wconf 83' lang='lat' dir='ltr'>nondum</span> <span class='ocrx_word' id='word_1_244' title='bbox 1424 2674 1636 2709; x_wconf 83' lang='lat' dir='ltr'>observatis</span> 
     </span>
     <span class='ocr_line' id='line_1_36' title="bbox 104 2730 1637 2775; baseline -0.002 -9"><span class='ocrx_word' id='word_1_245' title='bbox 104 2735 230 2768; x_wconf 71' lang='lat' dir='ltr'>Genus</span> <span class='ocrx_word' id='word_1_246' title='bbox 256 2734 383 2768; x_wconf 84' lang='lat' dir='ltr'>forsan</span> <span class='ocrx_word' id='word_1_247' title='bbox 410 2734 531 2767; x_wconf 86' lang='lat' dir='ltr'>adhuc</span> <span class='ocrx_word' id='word_1_248' title='bbox 558 2733 713 2767; x_wconf 85' lang='lat' dir='ltr'>dubium</span> <span class='ocrx_word' id='word_1_249' title='bbox 738 2731 1015 2766; x_wconf 83' lang='lat' dir='ltr'>consideretur.</span> <span class='ocrx_word' id='word_1_250' title='bbox 1064 2732 1122 2766; x_wconf 91' lang='lat' dir='ltr'>An</span> <span class='ocrx_word' id='word_1_251' title='bbox 1150 2731 1276 2767; x_wconf 79' lang='lat' dir='ltr'>Genus</span> <span class='ocrx_word' id='word_1_252' title='bbox 1304 2731 1360 2766; x_wconf 88' lang='lat' dir='ltr'>sui</span> <span class='ocrx_word' id='word_1_253' title='bbox 1382 2730 1478 2775; x_wconf 82' lang='lat' dir='ltr'>juris</span> <span class='ocrx_word' id='word_1_254' title='bbox 1498 2730 1637 2765; x_wconf 85' lang='lat' dir='ltr'>consti-</span> 
     </span>
     <span class='ocr_line' id='line_1_37' title="bbox 105 2787 1636 2835; baseline -0.001 -11"><span class='ocrx_word' id='word_1_255' title='bbox 105 2794 244 2834; x_wconf 78' lang='lat' dir='ltr'>tueret,</span> <span class='ocrx_word' id='word_1_256' title='bbox 271 2793 464 2825; x_wconf 82' lang='lat' dir='ltr'>structura</span> <span class='ocrx_word' id='word_1_257' title='bbox 490 2789 794 2835; x_wconf 61' lang='lat' dir='ltr'>Callophyllidss,</span> <span class='ocrx_word' id='word_1_258' title='bbox 815 2788 1062 2832; x_wconf 82' lang='lat' dir='ltr'>cystocarpiis</span> <span class='ocrx_word' id='word_1_259' title='bbox 1082 2789 1266 2823; x_wconf 74' lang='lat' dir='ltr'>Faucheae</span> <span class='ocrx_word' id='word_1_260' title='bbox 1286 2787 1451 2833; x_wconf 87' lang='lat' dir='ltr'>insigne,</span> <span class='ocrx_word' id='word_1_261' title='bbox 1470 2789 1515 2823; x_wconf 84' lang='lat' dir='ltr'>ab</span> <span class='ocrx_word' id='word_1_262' title='bbox 1535 2791 1636 2822; x_wconf 83' lang='lat' dir='ltr'>utro-</span> 
     </span>
     <span class='ocr_line' id='line_1_38' title="bbox 105 2845 1265 2893; baseline 0 -12"><span class='ocrx_word' id='word_1_263' title='bbox 105 2861 176 2893; x_wconf 81' lang='lat' dir='ltr'>que</span> <span class='ocrx_word' id='word_1_264' title='bbox 203 2848 554 2893; x_wconf 80' lang='lat' dir='ltr'>sphaerosporarum</span> <span class='ocrx_word' id='word_1_265' title='bbox 580 2848 742 2892; x_wconf 77' lang='lat' dir='ltr'>quodam</span> <span class='ocrx_word' id='word_1_266' title='bbox 769 2847 989 2882; x_wconf 82' lang='lat' dir='ltr'>charactere</span> <span class='ocrx_word' id='word_1_267' title='bbox 1015 2845 1265 2881; x_wconf 79' lang='lat' dir='ltr'>distinctum?</span> 
     </span>
    </p>
   </div>
  </div>
 </body>
</html>
