1762 3036
116 121 169 161 72
767 117 1005 160 CERAMIEAE.
1439 116 1654 159 Halurus.

115 231 375 273 formatione
407 231 662 274 evolutionis
694 230 883 273 stadium
928 230 1245 285 quodammodo
1291 230 1486 285 superius
1525 243 1656 284 quam

116 302 162 343 111
194 301 434 344 Griffitlisia
465 300 620 355 prodit.
652 322 655 326 ⁴

229 369 504 412 Involucrum
548 368 674 410 modo
720 369 891 410 omnino
938 369 1150 421 singulari
1194 372 1237 409 et
1281 368 1370 410 fere
1414 367 1658 410 incredibili

120 438 314 489 formari,
347 437 491 479 videre
522 436 698 478 credidi.
757 437 971 478 Nimirum
1002 437 1116 478 infra
1147 437 1289 490 apices
1320 436 1490 479 filorum
1522 437 1655 490 adpa-

125 511 272 549 renter
304 505 470 548 steriles
501 506 623 546 initia
652 504 874 557 involucri,
907 506 1024 547 intra
1054 506 1193 559 ipsam
1224 505 1520 548 membranam
1550 505 1656 546 arti-

118 575 205 616 culi
235 575 434 625 sormata,
467 573 784 616 evidentissime
829 574 927 625 vidi,
973 574 1063 616 fere
1110 574 1273 616 diceres
1320 574 1469 615 eodem
1516 574 1656 622 modo,

118 658 204 698 quo
235 643 346 685 rami
376 642 644 684 radiculares
675 642 792 684 intra
830 644 1141 694 membranam,
1179 643 1292 684 inter
1330 644 1514 685 laminas
1545 644 1657 698 ejus-

121 713 220 754 dem
251 712 443 753 diversas
474 711 794 762 descendentes,
832 712 876 753 in
920 711 1135 753 nonnullis
1181 711 1499 754 Callithamniis
1544 713 1657 755 evol-

117 784 288 824 vuntur.
350 778 618 822 Cellularum
657 779 989 822 involucralium
1027 780 1276 831 verticillus,
1317 794 1448 834 supra
1484 781 1657 835 genicu-

116 849 208 890 lum
237 848 517 899 adscendens,
550 862 576 889 a
608 848 828 902 superiore
860 849 1033 890 articuli
1060 852 1184 902 parte
1206 849 1573 891 circumscissione
1594 849 1658 891 la-

118 918 244 960 minae
276 918 505 960 exterioris
537 918 695 959 sensim
725 916 904 959 liberari
933 917 1118 966 videtum
1165 917 1417 959 membrana
1462 917 1660 971 quaedam

118 987 299 1028 interior
331 985 504 1028 articuli
534 986 769 1040 persistens
801 988 843 1027 et
881 986 976 1028 basi
1012 985 1404 1029 infundibuliformi
1442 987 1558 1028 intra
1594 988 1660 1029 in-

118 1055 343 1097 volucrum
375 1055 651 1105 descendens,
692 1068 788 1095 cum
826 1054 1008 1096 articulo
1047 1054 1250 1096 inferiore
1287 1055 1486 1097 cohaeret.
1545 1056 1660 1098 Arti-

120 1123 206 1165 culi
237 1123 396 1178 singuli
427 1124 525 1178 (aut
554 1122 722 1179 plures)
759 1137 891 1177 supra
927 1123 1194 1165 involucrum
1225 1124 1459 1165 eminentes
1491 1124 1662 1166 demum

121 1191 338 1244 decidunt,
371 1195 414 1233 et
444 1191 713 1233 involucrum
757 1191 806 1233 fit
849 1192 893 1233 in
938 1192 1105 1233 ramulo
1151 1192 1389 1233 terminale.
1450 1192 1661 1235 Interiore

118 1260 257 1302 latere
286 1259 510 1311 involucri,
542 1260 671 1313 paulo
707 1274 839 1314 supra
869 1261 1017 1302 basem
1048 1263 1102 1309 et,
1135 1260 1177 1301 ni
1205 1260 1347 1311 fallor,
1371 1261 1426 1302 ad
1448 1275 1661 1315 quemque

119 1330 273 1372 tubum
302 1328 526 1380 involucri,
558 1328 714 1370 ramuli
753 1329 1029 1371 minutissimi
1069 1328 1228 1382 singuli
1265 1330 1535 1383 proveniunt,
1567 1344 1660 1372 ver-

120 1397 256 1440 ticillo
286 1397 569 1439 ramellorum
599 1398 807 1440 coronati.
866 1398 916 1439 In
946 1398 1014 1439 his
1046 1397 1250 1449 ramellis,
1283 1399 1356 1452 qui
1377 1398 1539 1441 habent
1561 1399 1660 1440 alti-

120 1469 315 1511 tudinem
345 1467 567 1517 involucri,
591 1470 634 1509 et
655 1481 731 1509 suo
755 1467 905 1509 ordine
937 1471 1038 1508 sunt
1058 1466 1406 1509 moniliformiter
1438 1468 1661 1509 articulati

121 1540 164 1580 et
183 1536 345 1579 ramosi
366 1536 678 1590 spliaerosporae
708 1536 976 1578 verticillatae
1007 1535 1205 1589 plurimae
1236 1536 1507 1590 proveniunt,
1539 1537 1661 1579 initio

120 1605 376 1661 pyriformes
399 1609 442 1647 et
461 1605 631 1659 longius
653 1605 934 1659 pedicellatae,
968 1605 1141 1646 demum
1173 1605 1315 1647 ovales
1339 1609 1416 1646 aut
1437 1606 1659 1660 subsphae-

120 1675 234 1717 ricae.
273 1673 417 1716 Tubos
448 1673 717 1716 involucrum
749 1676 1059 1716 constituentes
1091 1675 1145 1715 20
1176 1679 1218 1716 et
1247 1674 1396 1728 plures
1427 1676 1661 1717 numeravi.

121 1744 351 1786 Involucra
380 1748 585 1785 truncata
622 1747 698 1785 aut
728 1743 878 1786 leviter
910 1743 1147 1793 crenulata,
1187 1743 1310 1784 initio
1349 1757 1481 1796 supra
1519 1744 1666 1785 basem

122 1813 351 1855 dilatatam
373 1812 463 1854 fere
495 1813 779 1868 cylindracea,
804 1814 960 1855 sensim
982 1814 1166 1855 articulo
1189 1814 1326 1855 sterili
1362 1814 1539 1867 delapso
1576 1829 1666 1856 ma-

123 1883 189 1936 gis
220 1881 466 1935 deplanata,
498 1881 582 1924 filis
612 1882 753 1923 farcta
782 1882 1040 1936 thyrsoideis
1072 1882 1364 1936 stipatissimis
1391 1885 1530 1924 totum
1556 1884 1666 1925 inte-

123 1952 214 1994 rius
246 1952 560 2005 occupantibus
593 1977 643 1980 —
677 1952 920 2005 congeriem
958 1951 1122 1993 diceres
1161 1952 1420 2005 contiguam,
1452 1953 1497 1993 in
1526 1952 1666 1994 medio

124 2018 511 2071 convexiusculain,
543 2019 773 2061 baccarum
804 2019 920 2060 intra
950 2019 1170 2061 calathum
1201 2023 1487 2073 receptarum.

128 2137 162 2177 1.
194 2136 239 2177 Ρ.
273 2134 498 2177 TssAvnnsn
529 2134 596 2189 (J.
627 2135 707 2188 Ay.
739 2134 1041 2191 mser.)fronde
1079 2134 1369 2178 erectiuscula-
1404 2135 1665 2178 subfascicu-

237 2205 330 2246 lata
361 2205 606 2247 dichotoma
636 2205 767 2246 ramis
799 2219 931 2258 supra
963 2204 1115 2246 axillas
1163 2204 1452 2246 acutiusculas
1499 2207 1664 2257 erectis,

239 2274 434 2315 articulis
465 2272 554 2314 fere
587 2273 782 2315 omnibus
814 2262 1095 2327 cylindraceis
1128 2273 1337 2314 diametro
1370 2273 1552 2327 2—3p10
1574 2273 1665 2315 lon—

239 2343 445 2397 gioribus,
477 2342 696 2384 fertilibus
727 2343 781 2384 ad
813 2342 1058 2396 geniculum
1089 2343 1332 2384 constrictis
1355 2342 1574 2384 involucro
1597 2357 1665 2384 ca-

240 2410 479 2453 lathiformi
511 2411 674 2462 cinctis,
706 2410 789 2452 filis
821 2411 1083 2452 tenuissimis
1122 2411 1305 2465 hyalinis
1342 2415 1465 2453 extra
1502 2411 1665 2453 involu-

240 2494 361 2521 crum
391 2480 459 2521 vix
480 2480 733 2533 prominulis
756 2479 951 2533 plurimis
972 2478 1505 2533 fasciculato-thyrsoideis
1528 2479 1665 2532 sphae-

240 2563 442 2603 rosporas
473 2563 651 2604 magnas
680 2549 795 2590 intra
815 2549 1056 2602 perisporia
1076 2548 1306 2589 latiuscula
1327 2548 1666 2591 subverticillata

241 2618 502 2671 gerentibus.

393 2699 504 2742 Hab.
536 2699 592 2741 ad
622 2698 784 2741 insulas
815 2697 997 2739 Chatam
1027 2696 1288 2752 (Traversl).

221 2803 401 2837 Crassitio
426 2803 505 2837 fere
523 2802 586 2837 Gr.
614 2802 833 2837 antarcticae
854 2804 892 2836 at
909 2800 1102 2836 breviores
1122 2800 1297 2845 caespites
1317 2799 1495 2843 formans,
1514 2801 1553 2833 ct
1569 2811 1666 2844 11100-

130 2861 239 2906 cipue
264 2860 471 2895 involucris
499 2860 660 2896 diversa.
