1762 3036
77 118 360 164 CentroceraS.
710 115 951 158 CERAMIEAE.
1529 115 1607 156 107

76 235 157 286 XV.
193 234 561 285 CENTRoonnAs
596 243 749 293 mae„-
780 242 825 285 J.
858 242 940 296 Ay.
975 240 1046 295 Sp.
1068 255 1116 295 2>-
1150 242 1241 282 147.

75 338 209 380 Frons
239 336 464 388 filiformis,
497 337 742 379 (lichotoma
772 337 848 376 aut
877 333 1266 388 prolificationibus
1298 345 1482 383 ramosa,
1505 332 1611 373 arti-

184 405 329 447 culata
357 406 696 460 monosiphonia,
729 406 866 446 strato
905 402 1161 444 cellularum
1192 403 1411 453 corticata,
1445 400 1611 443 cellulis

185 473 556 528 longituclinaliter
587 478 630 516 et
659 471 1011 516 transversaliter
1042 471 1213 516 seriatis
1243 470 1485 513 hexaedris.
1521 469 1611 510 Fa-

183 542 301 584 vellce
332 543 387 584 acl
417 544 608 585 ramulos
641 542 820 591 sessiles,
854 540 1043 582 ramellis
1081 540 1374 583 conformibus
1413 538 1612 593 pluribus

185 612 522 665 subregulariter
542 611 831 660 involucratae,
854 610 971 651 intra
990 609 1236 663 periderma
1257 608 1477 663 hyalinum
1495 621 1611 661 gem-

184 680 318 721 mislia
347 681 536 734 plurima
567 679 776 734 angulata
804 678 1008 721 foventes.
1053 678 1367 732 Sfflzoerosporce
1392 677 1613 731 morphosi

183 749 436 793 cellularum
467 748 734 791 corticalium
765 747 975 797 formatae,
1007 747 1104 800 plus
1145 747 1285 789 minus
1332 750 1457 789 extra
1501 750 1612 788 stra-

184 820 276 858 tum
308 817 510 859 corticale
540 817 844 871 prominentes,
879 815 1111 869 sphaericae,
1145 814 1365 869 triangule
1396 815 1555 856 divisae.

70 932 90 953 ‘³⁵
126 932 296 975 Fronde
325 934 491 983 inermi,
523 933 709 986 spinulis
747 947 892 986 nempe
938 935 1060 974 extra
1105 932 1396 975 membranam
1431 931 1612 986 frondis

614 1002 889 1045 eminentibus
920 1001 1066 1043 mellis.

73 1083 106 1125 1.
138 1081 183 1124 C.
215 1096 481 1124 onneonnnsn
512 1082 579 1138 (J.
611 1082 692 1137 As).
726 1087 868 1136 mser.)
895 1082 1047 1125 fronde
1068 1082 1267 1136 capillari
1287 1082 1441 1123 inermi
1464 1080 1611 1122 dicho-

183 1151 544 1205 tomo-fastigiata
575 1155 617 1193 et
647 1151 1032 1205 prolificationibus
1056 1151 1218 1205 sparsis
1241 1150 1394 1202 obsita,
1418 1163 1612 1204 segmen-

182 1221 238 1261 tis
269 1219 566 1262 terminalibus
598 1221 821 1274 forcipatis
844 1221 1032 1261 incurvis
1053 1220 1098 1261 in
1121 1219 1320 1261 cellulam
1341 1219 1612 1260 terminalem

182 1290 456 1343 conspicuam
494 1290 810 1340 desinentibus3
844 1290 962 1330 zonis
1000 1288 1276 1331 corticalibus
1314 1288 1370 1329 acl
1415 1288 1614 1342 genicula

181 1359 403 1411 truncatis,
436 1358 600 1400 cellulis
633 1359 909 1401 corticalibus
931 1357 1307 1412 longituclinaliter
1329 1357 1512 1405 seriatis,
1543 1372 1613 1398 ar-

183 1427 413 1469 ticulorum
446 1429 717 1481 superiorum
747 1428 930 1470 binatim
961 1431 1004 1469 et
1035 1428 1331 1481 quaternatim
1368 1426 1611 1478 subdivisis,

184 1496 438 1538 inferiorum
461 1497 806 1551 subregulariter
829 1495 1147 1538 alternantibus
1165 1495 1612 1550 rotundato-quadra-

184 1565 279 1605 ticis
310 1565 540 1606 latitudine
571 1565 886 1619 longitudinem
918 1564 1211 1619 subaequante.

335 1633 401 1674 Ad
432 1633 554 1675 littus
585 1633 811 1686 pacificum
843 1633 1050 1674 Americee
1082 1633 1328 1687 superioris.

70 1716 107 1756 2.
139 1714 183 1755 C.
216 1728 530 1756 CINNABARINUM
562 1714 706 1767 (Εἶναί.
728 1716 875 1768 mser.)
897 1714 1049 1755 fronde
1071 1713 1270 1767 capillari
1290 1714 1445 1754 inermi
1467 1713 1612 1755 dicho-

182 1782 546 1836 tomo-fastigiata
577 1786 619 1824 et
648 1783 1034 1836 prolificationibus
1057 1783 1218 1836 sparsis
1241 1782 1395 1832 obsita,
1419 1795 1612 1835 segmen—

183 1852 238 1893 tis
268 1853 568 1894 terminalibus
601 1853 906 1907 subtorcipatis
946 1852 1239 1895 erectiusculis
1279 1852 1532 1894 lanceolatis
1572 1855 1614 1893 et

183 1921 227 1961 in
258 1921 459 1964 cellulam
497 1922 768 1964 terminalem
806 1922 958 1964 eximie
994 1923 1270 1976 conspicuam
1308 1922 1466 1963 sensim
1504 1925 1613 1963 atte-

184 1990 349 2042 nuatis;
389 1991 505 2032 zonis
537 1990 814 2033 corticalibus
860 1991 1156 2045 geniculorum
1201 1990 1454 2032 inferiorum
1498 1990 1615 2031 intra

184 2059 480 2101 membranam
526 2059 586 2100 fili
636 2073 795 2100 corona
849 2059 1016 2102 cellulis
1062 2059 1340 2101 corticalibus
1385 2058 1614 2112 apiculatis

185 2128 421 2169 constituta
451 2128 679 2181 superatis,
721 2128 886 2170 cellulis
917 2128 1194 2170 corticalibus
1239 2128 1614 2181 longitudinaliter

184 2191 358 2237 seriatis
383 2197 733 2238 transversaliter
765 2196 944 2238 alternis
976 2196 1066 2239 fere
1098 2197 1322 2239 latioribus
1354 2210 1484 2251 quam
1521 2196 1612 2237 lon-

185 2264 261 2317 gis.
292 2264 338 2306 J.
369 2263 449 2319 Ay.
486 2265 558 2318 Sp.
583 2280 631 2318 p.
666 2266 757 2307 148.

340 2333 449 2375 Hab.
481 2335 524 2375 in
555 2336 666 2376 mari
696 2335 1013 2377 mediterraneo
1046 2339 1087 2377 et
1117 2335 1339 2377 adriatico.

161 2402 282 2436 Frons
308 2401 461 2437 omnino
486 2402 657 2446 inermis,
695 2405 733 2437 at
771 2415 872 2438 zonae
910 2403 1187 2448 geniculorum,
1226 2415 1308 2447 quae
1341 2402 1380 2436 in
1407 2402 1612 2447 spinulosis

70 2461 111 2494 in
136 2460 324 2505 spinulam
351 2461 460 2493 extra
484 2459 588 2493 filum
614 2460 866 2504 prominulam
900 2461 1090 2504 desinant,
1118 2463 1207 2494 sunt
1232 2460 1270 2493 in
1298 2460 1336 2494 C.
1365 2459 1613 2494 cinnabarino

70 2518 110 2551 in
136 2516 302 2561 apiculos
328 2515 492 2551 minutos
521 2517 567 2550 ad
601 2517 835 2562 superiorem
872 2518 1080 2562 marginem
1120 2520 1340 2562 protractae,
1378 2516 1484 2559 quasi
1509 2528 1612 2550 coro-

71 2575 161 2609 nula
196 2574 430 2619 apiculorum
467 2574 570 2609 intra
606 2575 725 2619 ipsam
763 2575 983 2620 pelliculam
1020 2576 1210 2620 hyalinam
1237 2575 1292 2608 fili
1319 2576 1520 2618 superatae.
1570 2574 1612 2608 In

72 2635 111 2669 C.
138 2632 366 2677 oregonensi
394 2635 482 2666 sunt
508 2632 660 2668 omnino
686 2636 887 2667 truncatae.
937 2634 1033 2677 Ipsae
1059 2633 1205 2666 cellulae
1226 2622 1439 2674 corticales,
1460 2631 1491 2664 si
1509 2631 1612 2665 lente

70 2690 193 2724 minus
220 2691 385 2734 augente
412 2690 677 2733 observantur,
705 2693 744 2724 et
769 2689 1105 2736 longituclinaliter
1132 2692 1170 2723 et
1207 2688 1518 2723 transversaliter
1557 2701 1612 2723 se-

70 2747 178 2780 riatae
205 2745 404 2785 videntum
432 2745 463 2779 si
488 2757 577 2780 vero
603 2747 695 2781 satis
722 2750 888 2792 augente
914 2747 1017 2780 lente
1045 2746 1342 2790 conspiciantur,
1370 2750 1527 2790 apparet
1550 2758 1612 2781 eas

71 2803 382 2838 transversaliter
410 2813 492 2837 esse
519 2803 769 2849 alternantes,
796 2817 865 2839 nec
885 2816 903 2839 e
922 2804 1078 2850 regione
1097 2803 1255 2849 positas,
1275 2804 1341 2838 sed
1358 2804 1435 2839 fere
1456 2804 1611 2841 latiores

71 2872 181 2905 quam
206 2861 356 2906 longas.
