1757 3114
102 161 440 216 Asparayopsis.
743 154 1008 198 CHONDRIEAE.
1548 151 1629 193 665

103 286 200 319 ores,
226 275 265 309 in
291 273 410 308 fertili
436 271 623 317 plurimae,
649 272 770 305 totum
794 267 1004 313 marginem
1036 265 1186 301 demum
1223 264 1365 310 phyllis
1393 264 1630 299 densissimis

103 335 325 377 occupatum
350 332 621 365 monstrantes.
656 327 834 363 Fimbriae
860 328 948 360 2—3
972 324 1092 359 lineas
1111 325 1248 369 longae,
1273 324 1358 369 plus
1383 323 1506 357 minus
1533 334 1630 358 com-

103 390 236 435 positae
264 391 303 422 et
328 386 635 432 simpliciusculae
656 385 796 427 mixtae,
817 382 1007 427 simplices
1028 380 1455 423 subcuneato-lineares,
1475 379 1629 414 furcatae

104 445 342 490 subpinnatae
370 446 433 477 aut
459 442 718 487 subdigitatae,
737 439 941 486 segmentis
963 437 1242 473 sublinearibus
1261 437 1479 483 instructae3
1509 436 1630 481 sphae-

102 513 268 547 rosporae
294 502 333 535 in
358 501 416 535 his
441 500 540 534 infra
565 499 689 544 apices
716 510 843 544 paucae
870 499 923 532 ita
947 507 1092 540 magnae
1119 498 1160 529 ut
1185 495 1284 530 nudo
1310 495 1417 529 oculo
1441 493 1519 527 fere
1545 505 1630 529 con-

103 559 324 605 spiciantur⁷
361 558 460 592 infra
497 560 658 591 stratum
696 556 875 591 corticale
912 553 1016 598 quasi
1042 553 1081 586 in
1107 552 1266 586 cameris
1291 551 1497 596 majoribus
1522 551 1630 585 nidu—

102 617 239 651 lantes.
288 614 506 649 Keramidia
529 614 568 647 in
593 613 734 658 phyllis
761 613 818 657 (ut
842 611 934 645 mihi
960 609 1136 654 adparuit
1163 608 1420 653 brevioribus)
1456 607 1631 642 lateralia

103 677 141 709 et
166 685 186 708 a
212 676 408 718 segmento
434 672 715 714 transformata,
740 680 878 715 magna
902 670 1023 703 ovata.
1058 665 1316 711 Pcricarpium
1335 677 1355 699 a
1376 664 1523 700 cellulis
1551 676 1630 700 cor-

103 730 278 766 ticalibus
317 729 460 764 frondis
499 727 710 774 (interioris
745 726 856 761 strati
894 725 932 759 in
971 727 1101 759 nostra
1137 735 1212 758 non
1250 724 1345 758 bene
1371 723 1628 757 reviviscente

101 789 179 823 fere
205 788 300 822 nihil
326 787 420 833 vidi)
448 787 639 829 areolatae,
665 785 743 820 fere
768 796 835 829 per
862 782 978 818 series
1006 781 1157 825 oblique
1190 781 1466 816 adscendentes
1505 781 1630 825 dispo-

102 846 200 890 sitis,
227 845 443 887 formatum3
470 843 674 889 gemmidia
698 852 835 887 magna
863 839 1084 886 pyriformia
1113 838 1312 884 pedicellis
1346 837 1532 883 elongatis
1565 838 1628 872 ad-

100 902 175 936 fixa
199 901 289 937 vidi.

193 957 406 1003 Specimina
431 968 476 992 ex
502 957 578 991 Ins.
606 955 775 997 Chatam,
802 965 884 988 cum
921 953 1144 997 Harveyano
1181 952 1332 996 depicto
1370 951 1505 986 eximie
1543 963 1628 986 con-

100 1017 277 1062 gruentia
301 1014 499 1060 descripsi.
550 1013 639 1058 Quae
667 1025 712 1047 cx
737 1013 842 1047 Nova
865 1011 1048 1046 Zelandia
1071 1009 1282 1055 reportavit
1307 1010 1504 1055 Berggrcn
1541 1012 1630 1043 sunt

100 1074 219 1108 multo
245 1073 369 1107 laetius
397 1072 566 1107 colorata
590 1073 629 1105 et
654 1069 840 1112 tenuiora,
867 1069 1066 1123 pinnarum
1091 1067 1210 1102 forma
1241 1065 1362 1111 magis
1394 1065 1628 1100 linea1i-lan-

101 1130 257 1165 ceolata.
306 1129 443 1164 Utrum
479 1128 635 1163 formam
669 1126 878 1171 juvenilem
904 1137 950 1158 an
977 1123 1141 1169 speciem
1176 1123 1369 1169 propriam
1395 1122 1630 1158 constituant

101 1187 245 1222 dubito.
281 1185 389 1220 Licet
414 1186 523 1230 hujus
552 1185 649 1218 haud
676 1195 793 1229 pauca
818 1181 1024 1227 specimina
1049 1181 1223 1226 viderim,
1249 1181 1331 1216 haeo
1357 1193 1431 1216 non
1456 1180 1510 1215 ita
1531 1192 1628 1215 com-

101 1244 206 1289 pleta
230 1246 272 1278 ut
297 1243 342 1278 de
368 1242 414 1277 iis
437 1241 621 1287 judicium
648 1243 793 1275 certum
818 1239 918 1274 ferre
944 1235 1071 1273 liceat.

101 1422 244 1471 (ῚιΧΥ.
283 1424 652 1469 ASPARAGoPsis
690 1417 852 1467 Momm
883 1414 928 1458 J.
961 1415 1041 1468 Agl.
1077 1414 1148 1468 Sp.
1172 1429 1218 1468 p.
1250 1416 1343 1455 774.

104 1536 238 1577 Frons
268 1533 481 1575 filiformis
513 1547 695 1587 superne
727 1531 1179 1586 penicillato-ramosa,
1210 1529 1390 1571 ramulis
1421 1530 1630 1583 pinnatim

214 1603 512 1656 decompositis
545 1600 1095 1644 subarticulato-cellulosis
1125 1599 1290 1641 inferne
1322 1614 1419 1641 mox
1451 1600 1630 1640 cortica-

213 1672 282 1722 tis,
314 1671 433 1712 caule
467 1671 684 1725 ramisque
716 1670 952 1724 majoribus
984 1668 1198 1710 cellulosis
1230 1667 1536 1717 subtubulosis,
1559 1667 1630 1709 filo

213 1739 316 1780 axili
348 1743 529 1791 angusto
561 1739 790 1780 articulato
821 1741 863 1779 et
892 1751 1062 1778 ramoso
1091 1736 1243 1777 tubum
1264 1736 1513 1777 interiorem
1535 1750 1630 1789 per-

213 1812 425 1857 currente,
458 1822 685 1861 ramosque
716 1807 990 1848 tenuissimos
1020 1807 1132 1847 inter
1154 1804 1329 1846 cellulas
1353 1805 1478 1846 strati
1500 1805 1631 1846 inter-

214 1876 343 1917 medii
375 1875 580 1929 oblongas
612 1875 909 1928 pluriseriatas
949 1874 1183 1921 emittente,
1223 1873 1387 1914 cellulis
1418 1873 1631 1915 corticali-

174 1988 178 1992 ,
212 1946 291 1987 bus
338 1945 511 1986 minutis
558 1943 1042 1997 rotundam-angulatis.
1106 1943 1365 1984 Keramz'dz'a
1402 1956 1426 1982 a
1465 1941 1631 1983 ramulo

214 2012 524 2054 transformata
554 2011 825 2065 pedicellata,
857 2013 973 2053 intra
993 2011 1280 2065 pericarpium
1304 2010 1631 2064 subpyriforme,

214 2081 502 2135 carpostomio
534 2084 770 2134 pertusum,
802 2080 1000 2121 nucleum
1043 2078 1323 2120 rotundatum
1361 2078 1538 2120 densum
1570 2078 1631 2120 fo-

213 2150 376 2201 ventia3
422 2149 495 2191 fila
540 2149 852 2202 gemmidiifera
897 2148 1149 2191 densissima
1186 2161 1211 2188 a
1256 2150 1450 2201 placenta
1495 2147 1632 2189 basali

213 2218 490 2272 egredientia„
522 2218 755 2260 admodum
786 2218 1089 2271 decomposita,
1122 2217 1165 2258 in
1196 2216 1388 2258 articulis
1427 2217 1631 2257 termina-

213 2287 327 2328 libus
359 2287 590 2339 gemmidia
621 2287 787 2327 minuta
819 2285 1191 2328 obovato-clavata
1229 2285 1425 2326 foventia.
1489 2284 1632 2338 Sphcc-

213 2368 400 2408 rosporcc
432 2388 440 2396 .
472 2388 480 2395 .

213 2458 393 2509 Qualem
438 2461 701 2500 structuram
746 2458 910 2500 frondis
942 2462 984 2499 et
1013 2456 1362 2498 Keramidiorum
1406 2456 1449 2497 in
1495 2456 1633 2510 specie

101 2527 308 2569 atlantica
347 2530 389 2567 et
420 2526 733 2568 mediterranea
762 2527 788 2567 l.
822 2541 854 2566 c.
888 2526 1106 2578 descripsi,
1153 2525 1285 2566 talem
1330 2524 1419 2565 fere
1462 2525 1506 2565 in
1537 2539 1631 2578 spe-

102 2597 248 2639 ciebus
294 2595 597 2636 Australasicis
652 2600 800 2649 postea
845 2594 1139 2636 determinatis
1185 2607 1355 2647 quoque
1400 2593 1496 2635 vidi.
1571 2594 1632 2635 De

102 2669 322 2707 structura
367 2664 492 2705 strati
537 2665 752 2706 interioris
797 2663 1025 2718 peric-arpii
1070 2663 1214 2704 forsan
1260 2663 1456 2717 quaedam
1501 2663 1633 2705 dubia

103 2735 206 2785 sint3
238 2737 385 2786 utpote
418 2732 522 2773 mihi
554 2747 636 2774 non
668 2734 837 2774 omnino
868 2733 1141 2786 perspicuum
1172 2735 1317 2773 utrum
1347 2731 1420 2772 fila
1442 2746 1631 2773 ramoso-

102 2801 480 2850 anastomosantia,
513 2814 539 2841 a
570 2815 635 2842 me
666 2801 893 2855 descripta,
927 2801 1067 2854 spatia
1097 2813 1232 2841 vacua
1260 2814 1315 2841 an
1337 2799 1512 2841 cellulas
1534 2814 1631 2853 pro-

103 2871 218 2926 prias
250 2869 482 2924 angulatas
513 2869 726 2912 ambeant.
