1757 3114
92 108 173 149 398
587 105 1005 149 SPHAERoooccomnAE.
1267 107 1622 162 Phacelocarpus.

92 220 230 262 Frons
262 234 508 274 compressa
539 212 720 262 distiche
750 220 980 275 pectinata,
1023 225 1099 262 aut
1138 222 1417 264 teretiuscula
1447 226 1488 263 et
1519 237 1623 276 quo-

205 303 464 343 quoversum
511 289 721 339 aculeata,
768 289 926 342 triplici
971 293 1108 331 strato
1153 291 1305 332 tubum
1344 291 1624 332 articulatum

205 358 442 398 centralem
474 357 690 399 ambiente
722 361 939 408 contexta3
972 357 1178 398 interiore
1208 357 1291 399 filis
1322 358 1533 412 elongatis
1554 372 1624 399 ar-

205 423 396 466 ticulatis
428 425 818 479 longitudinalibus
850 424 980 466 dense
1010 424 1244 477 intricatis;
1282 426 1421 468 medio
1458 426 1624 469 cellulis

205 493 444 547 majoribus
490 493 748 544 rotundatis,
800 493 1013 534 exteriore
1059 493 1225 535 cellulis
1256 495 1493 537 minoribus
1525 496 1624 537 sub-

206 562 473 605 verticaliter
518 562 808 604 radiantibus.
872 562 1057 604 Fructus
1102 563 1276 617 utrique
1320 564 1431 606 inter
1476 564 1625 606 demes

207 631 432 673 aculeosve
465 632 644 674 externi.
706 631 987 684 Cystoearffla
1025 632 1258 673 rotundata
1288 637 1363 674 aut
1392 633 1481 675 fere
1512 634 1624 675 reni-

205 699 372 751 formia,
405 714 537 753 supra
566 704 736 753 partem
766 699 1014 741 inferiorem
1045 700 1341 752 incrassatam,
1373 702 1485 743 inter
1507 702 1627 743 labia

204 769 435 822 pericarpii
464 769 779 822 convergentia,
811 782 916 822 poro
949 772 1025 809 aut
1054 769 1165 810 rima
1202 769 1389 821 hiantia3
1426 770 1627 823 placenta

204 851 231 879 a
260 837 394 879 fundo
425 837 666 879 incrassato
697 837 974 888 adscendens,
999 850 1183 891 superne
1205 838 1394 890 planata,
1416 837 1490 879 fila
1510 852 1626 892 gem-

207 905 425 948 midiifera
469 906 621 947 stricta
666 905 917 947 densissime
948 906 1202 959 constipata,
1235 906 1495 960 adparenter
1527 907 1626 948 sim-

208 974 353 1028 plicia,
384 974 618 1016 articulata
649 987 820 1015 sursum
851 973 1070 1025 emittens,
1106 975 1337 1028 gemmidia
1357 975 1401 1016 in
1431 976 1626 1016 articulis

208 1042 419 1096 supremis
462 1042 795 1096 praecocioribus
834 1056 911 1095 per
942 1055 1072 1083 zonas
1103 1043 1394 1084 concentricas
1438 1047 1626 1084 mature-

205 1111 380 1161 scentia,
427 1115 601 1152 matura
646 1109 1128 1164 oblongo-cylindracea
1172 1111 1375 1165 utrinque
1412 1108 1625 1152 truncata.

211 1180 486 1222 Nemathecia
517 1180 806 1221 clavaeformia
837 1183 914 1220 aut
944 1180 1081 1233 magis
1111 1180 1361 1231 rotundata,
1393 1181 1435 1221 in
1467 1181 1626 1234 cryptis

205 1249 322 1290 intra
353 1248 622 1302 superficiem
669 1248 883 1291 excavatis
929 1248 1252 1301 sphaerosporas
1288 1248 1520 1301 parietales
1551 1249 1625 1289 ob·
1655 1268 1657 1272 ¹

204 1317 358 1371 longas
390 1317 578 1359 zonatim
616 1316 773 1358 divisas
811 1316 924 1357 inter
962 1321 1246 1370 paranemata
1280 1316 1533 1357 fasciculata
1563 1315 1624 1357 fo-

204 1386 359 1427 ventia.

158 1502 160 1505 ,
206 1466 353 1508 Genus
384 1465 530 1507 fructu
560 1469 746 1519 utroque
777 1478 864 1506 suae
895 1463 1053 1506 indolis
1085 1464 1467 1515 distinctissimum,
1490 1465 1626 1505 affini-

90 1539 182 1577 tate
213 1535 289 1576 diu
321 1534 516 1576 dubium.
577 1532 858 1588 Cystocarpia
902 1534 946 1575 in
991 1533 1170 1575 diversis
1215 1534 1438 1587 speciebus
1483 1534 1626 1587 quoad

91 1607 315 1646 externam
345 1603 529 1645 somnam
558 1602 778 1656 paulisper
810 1603 997 1653 diversa3
1044 1607 1264 1644 structura
1307 1602 1397 1644 fere
1442 1617 1624 1656 congru-

93 1673 221 1713 entia.
268 1672 317 1712 In
348 1672 424 1713 Ph.
457 1670 777 1713 Labillardierii
809 1674 910 1712 sunt
940 1671 1077 1724 magis
1107 1670 1370 1719 reniformia,
1405 1670 1626 1724 capsulam

92 1740 325 1795 Lycopodii
357 1740 558 1793 selaginis
590 1739 679 1781 fere
710 1738 957 1789 referentia,
990 1740 1033 1780 in
1064 1739 1140 1780 Ph.
1172 1739 1445 1793 complanato
1476 1742 1624 1779 rotun-

93 1809 229 1858 diora,
261 1809 304 1849 in
336 1807 432 1849 aliis
464 1821 694 1850 verrucosa
726 1820 752 1848 a
781 1807 1060 1848 nematlieciis
1091 1807 1258 1848 facilius
1289 1808 1509 1857 distincta3
1549 1821 1625 1860 pro

93 1876 232 1918 forma
262 1876 444 1925 diversa,
477 1880 553 1918 aut
598 1890 703 1930 poro
750 1879 825 1916 aut
868 1875 980 1916 rima
1018 1875 1154 1928 magis
1186 1874 1338 1916 lunata
1368 1875 1551 1925 hiantia3
1584 1879 1627 1916 et

93 1948 344 1998 aperturam
376 1943 465 1985 fere
496 1944 722 1985 claudiunt
748 1943 866 1985 labia
886 1943 1128 1985 incrassata
1149 1944 1377 1997 pericarpii
1401 1944 1625 1985 subincur-

92 2012 193 2053 vati.
253 2012 303 2053 In
338 2011 550 2053 vallecula
593 2012 706 2052 inter
750 2010 867 2052 labia
912 2016 1130 2062 excavata,
1177 2010 1377 2065 placenta
1421 2010 1625 2052 centralis

93 2080 328 2129 adscendit,
362 2093 544 2132 superne
577 2079 819 2132 explanata,
853 2083 894 2119 et
925 2093 950 2119 a
979 2079 1109 2132 plano
1141 2078 1339 2121 nucleum
1371 2079 1624 2132 hemisphae-

92 2152 229 2192 ricum
261 2150 473 2191 emittens.
534 2149 720 2190 Nucleus
760 2148 843 2190 filis
881 2153 1049 2190 constat
1085 2149 1359 2191 radiantibus
1397 2149 1624 2203 stipatissi-

92 2221 173 2262 mis
204 2220 386 2261 invicem*
417 2219 486 2261 vix
517 2218 804 2273 sejungendis,
836 2219 879 2258 in
925 2217 1127 2259 inferiore
1173 2223 1294 2271 parte
1338 2218 1625 2269 tenuioribus3

93 2290 137 2331 in
169 2289 403 2343 superiore,
451 2302 571 2329 secus
612 2290 747 2329 totam
785 2286 1076 2340 peripheriam
1116 2287 1412 2337 crassioribus,
1450 2287 1626 2340 gemmi-

95 2358 169 2399 dia
199 2357 520 2411 generantibus.
581 2354 824 2397 Gemmidia
866 2355 910 2395 in
947 2355 1128 2408 singulis
1164 2355 1246 2396 filis
1286 2355 1527 2396 articulatis
1559 2369 1624 2396 se-

93 2427 218 2475 riata,
251 2426 369 2467 intra
399 2423 604 2466 articulos
635 2427 683 2464 ut
715 2422 883 2464 videtur
922 2422 1105 2476 singula,
1148 2423 1625 2477 oblongo-cylindracea

93 2494 183 2536 fere
215 2495 418 2547 utrinque
449 2495 663 2541 truncata,
701 2490 972 2544 peripherica
1017 2492 1173 2531 sensim
1205 2491 1550 2539 maturescentia,
1583 2494 1625 2531 et

93 2566 266 2603 matura
297 2566 421 2603 extra
451 2560 719 2614 superficiem
750 2559 890 2600 nuclei
930 2559 1087 2599 sensim
1127 2559 1305 2600 elevata.
1366 2555 1625 2600 Placenta‘a

93 2629 166 2671 filo
198 2630 301 2671 axili
331 2628 509 2678 frondis,
542 2631 591 2669 ut
621 2627 803 2676 videtur,
835 2627 1102 2679 proveniens,
1127 2627 1220 2680 ipsa
1252 2627 1375 2680 quasi
1407 2627 1551 2679 stipite
1583 2632 1625 2668 et

94 2699 211 2740 disco
242 2697 420 2752 planato
452 2697 699 2745 constituta,
746 2695 890 2748 stipite
935 2694 1080 2736 forsan
1120 2695 1162 2735 in
1194 2695 1372 2735 divorsis
1404 2695 1624 2747 speciebus

93 2765 190 2819 plus
220 2766 362 2807 minus
392 2766 642 2818 conspicu03
683 2763 731 2804 In
763 2763 838 2804 Ph.
870 2763 1007 2816 apodo
1039 2763 1226 2817 stipitem
1259 2763 1507 2804 obconicum
1538 2764 1623 2804 vidi

95 2833 327 2874 admodum
358 2832 646 2885 conspicuum,
679 2832 819 2884 ipsum
850 2830 1113 2872 cellulosuni.
