1757 3114
122 149 204 190 584
782 147 1022 190 SOLIERIEAE.
1347 148 1661 192 Meristotlzeca.
1683 152 1688 164 ⁴

213 260 418 307 Segmenta
434 262 577 306 majora
593 261 704 306 hujus
723 261 951 306 Callophyll.
970 260 1187 296 laciniatam
1211 262 1290 296 fere
1308 266 1477 307 aequant3
1501 262 1661 306 minora,

124 330 231 368 seeuffi
258 331 388 354 omnes
414 318 606 363 margines
632 318 902 363 prolificantia‚
929 318 1212 353 ramificationis
1238 331 1371 353 norma
1397 319 1489 354 Call.
1517 319 1661 354 obtusi·

120 376 250 411 foliam
286 377 399 411 Harv.
436 376 551 419 Phyc.
590 380 706 411 austr.
745 378 822 411 tab.
850 377 916 410 193
941 377 995 410 ita
1031 377 1203 410 referunt
1232 380 1286 421 ut,
1312 378 1429 412 missa
1455 380 1660 421 structura,

122 434 321 479 utriusque
360 434 568 479 specimina
603 433 713 468 facile
740 435 786 468 ab
812 434 964 468 incauto
1001 434 1171 468 identica
1205 434 1430 469 habeantur.
1478 435 1522 468 In
1547 435 1659 468 Meri-

124 491 299 525 stotheca
334 502 437 534 vero,
474 492 520 525 ob
559 490 711 534 stipites
749 490 827 524 fere
866 491 912 525 ad
945 490 1171 524 tenuitatem
1209 491 1425 525 filiformem
1461 492 1656 535 reductos,

122 547 420 593 prolificationes
447 547 676 592 marginales
705 547 920 582 evidentius
947 547 1223 591 prolifieatione
1251 548 1343 582 oriri
1370 548 1544 594 adparet:
1572 553 1661 583 sunt

122 616 268 648 quoque
293 604 609 646 numerosissima,
636 604 775 638 lineam
801 604 954 638 circiter
980 604 1143 638 invicem
1171 605 1373 649 distantes,
1401 617 1509 640 secus
1530 618 1658 641 omnes

120 661 315 706 margines
340 660 379 694 in
405 663 536 694 nostra
573 660 855 704 provenientes.
907 660 1105 694 Structura
1142 661 1305 705 denique
1332 673 1353 696 a
1378 662 1658 707 Callophyllide

123 718 395 753 diversissima.
445 718 566 752 Frons
594 717 692 751 enim
720 718 869 752 interne
896 718 1161 759 subtubulosa3
1190 720 1280 753 tubo
1307 719 1491 764 adparatu
1510 720 1659 755 filorum

122 774 484 809 anastomosantium
512 774 698 815 distento3
725 774 788 808 fila
814 775 897 819 ipsa
923 778 1011 808 sunt
1038 786 1138 819 saepe
1164 776 1367 820 granuloso
1385 771 1577 811 ‘contentu
1602 777 1657 810 in-

124 834 185 865 tra
209 831 342 865 tubum
368 831 562 874 hyalinum
589 831 727 873 farcta;
756 831 945 865 filiformia
970 834 1008 865 at
1033 831 1094 865 liic
1120 831 1199 866 illic
1226 832 1437 867 incrassata
1469 834 1659 879 praecipue

123 888 170 922 ad
194 888 312 922 nodos
339 891 678 922 anastomosanteS.
730 888 886 922 Cellulae
926 889 1057 922 tubum
1094 889 1293 934 cingentes
1332 889 1534 924 interiores
1572 902 1658 925 con-

126 948 230 980 stant
256 945 362 990 quasi
388 945 481 990 ipsis
508 946 566 979 his
592 946 701 980 nodis
729 946 848 990 magis
893 946 1122 989 rotundatis,
1149 958 1306 990 quorum
1332 947 1430 981 radii
1456 948 1657 993 (elongati)

122 1002 275 1037 fuerunt
301 1002 501 1036 admodum
528 1003 757 1044 abbreviati;
795 1003 852 1037 hae
885 1003 1033 1037 cellulae
1065 1003 1267 1037 interiores
1306 1004 1419 1037 strati
1456 1004 1658 1039 exterioris

123 1063 213 1095 sunt
248 1060 423 1105 majores,
462 1061 612 1094 demum
650 1060 926 1105 subcontiguae,
965 1061 1258 1095 endochromate
1289 1061 1329 1095 in
1361 1061 1485 1095 media
1521 1062 1660 1095 cellula

124 1117 418 1162 subgraniiloso;
444 1117 569 1161 ipsum
596 1120 758 1152 stratum
778 1117 956 1151 corticale
976 1121 1127 1151 constat
1147 1117 1295 1152 cellulis
1314 1118 1522 1153 minoribus
1541 1119 1658 1163 pluri-

125 1173 292 1208 seriatis.
342 1174 505 1208 Fructus
532 1175 655 1209 nullos
683 1174 773 1208 vidi.

122 1290 160 1331 3.
193 1290 247 1331 M.
281 1304 482 1331 PAPULosA
513 1290 671 1345 (Mont.
714 1291 902 1332 Yemens.
933 1304 1004 1332 wo
1036 1292 1109 1346 21)
1155 1291 1305 1332 fronde
1342 1292 1473 1345 plana
1513 1292 1657 1335 dicho-

235 1362 353 1400 toma
389 1363 464 1400 aut
509 1360 802 1413 subpinnatim
850 1359 1379 1412 clecomposito-laciniata,
1427 1362 1656 1414 segmentis

235 1427 470 1469 linearibus
502 1428 695 1481 margine
731 1428 897 1468 laciniis
938 1427 1227 1469 conformibus
1268 1429 1518 1470 (lentibusve
1557 1430 1653 1472 bre-

236 1496 425 1538 vioribus
457 1497 619 1545 obsitis,
652 1496 877 1537 fructifera
907 1496 1111 1538 dentibus
1144 1497 1438 1539 conformibus
1465 1498 1663 1540 tubercu-

235 1565 338 1606 lisve
370 1566 606 1606 verrucosis
639 1565 872 1618 spinosisve
904 1568 1172 1618 exasperata,
1207 1566 1483 1619 cystocarpiis
1504 1566 1547 1607 in
1569 1581 1663 1607 ver-

235 1634 350 1675 rucis
383 1634 696 1687 marginalibus
728 1634 952 1675 immersis.
987 1632 1253 1687 Callfflnema
1276 1634 1498 1686 papzdosa
1529 1633 1663 1677 Mont.

236 1701 262 1742 l.
294 1716 324 1743 e.
374 1701 480 1755 Syll.
519 1716 566 1754 p.
613 1702 706 1743 438.
752 1702 798 1744 J.
832 1703 912 1754 Ass.
949 1701 1020 1754 Sp.
1044 1716 1091 1754 p.
1125 1702 1216 1742 293.
1253 1702 1382 1743 Ke'ita.
1415 1702 1497 1743 tab.
1535 1702 1662 1756 Phyc.

248 1769 335 1811 Vol.
371 1769 530 1811 XVII
555 1770 636 1811 tab.
669 1771 732 1811 73.
769 1770 1050 1823 Kallfflnem'a
1071 1774 1327 1822 exasperem
1351 1770 1543 1812 Zamam.
1567 1771 1662 1813 Ha-

237 1838 420 1891 lymem'a
456 1837 683 1891 Ceylam'ca
716 1837 854 1879 Harv.
887 1838 984 1891 Αἶα.
1021 1838 1129 1891 Ceyl.
1163 1839 1311 1880 πείσω.
1334 1851 1405 1880 nso
1428 1839 1494 1880 39.
1530 1839 1660 1881 Kritz.

235 1906 318 1948 tab.
355 1904 482 1960 Pleyc.
528 1906 614 1948 Vol.
652 1906 779 1948 XVI
804 1906 888 1947 tab.
922 1907 985 1947 93.
1019 1907 1126 1961 (non
1158 1907 1303 1960 bona).

389 1987 438 2027 In
469 1988 577 2028 mari
609 1988 742 2029 rubro
775 1994 817 2028 et
848 1988 1017 2029 Oceano
1049 1987 1208 2029 Indico.

212 2079 303 2113 Haec
340 2082 440 2113 statu
479 2079 603 2113 sterili
641 2090 821 2112 summam
859 2079 975 2113 habet
1012 2082 1211 2113 externam
1250 2078 1540 2113 similitudinem
1578 2091 1661 2113 cum

121 2136 268 2180 Halym.
294 2135 494 2170 Durvillaei
521 2139 559 2170 et
584 2136 654 2170 hoc
679 2148 722 2169 eo
748 2147 865 2179 usque
892 2139 933 2170 ut
952 2147 971 2169 a
990 2136 1181 2170 Grunovio
1208 2138 1367 2179 utraque
1388 2136 1534 2180 species
1554 2136 1660 2171 iden-

122 2193 199 2228 tica
222 2193 352 2228 habita
376 2193 503 2228 fuerit.
555 2193 647 2228 Cfrs.
677 2194 757 2227 obs.
785 2193 887 2227 infra
910 2193 1173 2238 Halymeniam
1200 2194 1415 2229 formosam.

122 2312 159 2352 4.
192 2311 245 2352 M.
278 2311 608 2352 DUOHAssAJNen
640 2309 706 2363 (J.
739 2310 819 2363 Ay.
852 2313 996 2365 mser.)
1027 2310 1178 2352 fronde
1201 2311 1332 2364 plana
1353 2311 1659 2365 subpalmatim

234 2379 452 2428 laciniata,
486 2378 653 2419 laciniis
686 2379 975 2425 subcuneatis.
1008 2380 1203 2432 margine
1225 2379 1483 2433 ubicumque
1505 2379 1657 2421 laceris

234 2446 435 2488 lacinulis
484 2446 777 2488 conformibus
825 2447 1111 2500 dentibusque
1158 2448 1453 2501 superpositis,
1499 2449 1658 2503 pagina

235 2515 367 2569 plana
399 2515 598 2557 dentibus
644 2514 935 2557 consimilibus
983 2516 1241 2569 ubicumque
1288 2521 1556 2569 exasperata,
1588 2531 1657 2571 cy—

236 2584 461 2637 stoearpiis
494 2617 502 2625 .
535 2617 543 2624 .

390 2665 453 2706 Ad
486 2665 779 2718 Gruadeloupe.

214 2757 246 2790 H
273 2756 375 2792 bitus
401 2756 510 2800 hujus
538 2768 558 2789 a
584 2756 734 2790 caeteris
762 2761 819 2790 sat
857 2756 1017 2797 abludit,
1058 2756 1191 2790 fronde
1217 2755 1365 2798 latiore,
1405 2758 1485 2790 tota
1516 2757 1654 2802 promi-

124 2813 264 2849 nentiis
291 2826 311 2847 a
337 2812 441 2848 disco
468 2816 506 2847 ct
531 2813 702 2858 margine
729 2813 1013 2858 emergentibus
1041 2825 1187 2859 aspera.
