1757 3114
142 94 225 135 350
495 106 499 109 ’
713 95 1095 137 RHODYMENICAEAE.
1323 96 1675 140 Aecmthococous.

255 206 317 247 De
349 209 569 247 structura
600 208 855 261 cystocarpii
888 222 1020 261 supra
1048 208 1263 262 descripta
1284 223 1368 250 non
1391 210 1562 251 omnino
1584 224 1675 251 cer-

141 276 211 313 tus
244 287 350 314 sum.
414 273 635 326 Specimeu
666 277 777 316 enim
825 276 995 316 unicum
1043 276 1202 329 plantae
1248 277 1528 330 capsuliferae,
1561 278 1675 331 quod

141 342 239 392 vidi,
273 345 486 383 monstrat
516 343 747 394 gemmidia
778 348 853 384 aut
884 344 1126 385 deficientia
1157 348 1232 384 aut
1264 345 1418 398 saepius
1450 348 1573 386 extra
1602 359 1675 399 pe-

142 410 376 462 ricarpium
407 410 574 451 emissa.
635 410 843 452 Nucleum
881 412 1027 465 itaque
1065 413 1182 452 intra
1225 412 1514 466 pericarpium
1546 413 1675 454 situm

142 482 184 518 et
216 478 323 520 bene
356 478 572 519 evolutum
603 479 708 520 mihi
738 480 882 520 videre
913 494 999 521 non
1021 481 1216 534 contigit,
1249 479 1348 522 licet
1382 480 1572 534 plurima
1602 495 1675 534 pe·-

141 546 330 599 ricarpia
360 546 556 587 dissecui.
616 542 824 588 Nucleum
855 562 954 588 vero
985 551 1109 589 extra
1138 549 1427 601 pericarpium
1448 552 1675 602 erruptum

142 619 184 655 et
214 614 505 668 pericarpium
535 628 731 656 vacuum*
747 617 924 657 seorsim
948 616 1183 667 observavi,
1208 620 1249 657 et
1270 616 1470 670 analogia
1491 617 1674 658 ducente

141 685 451 738 interpretatus
484 699 590 726 sum.

255 752 471 795 Suadente
503 754 790 807 descriptione
822 769 918 796 mox
965 754 1099 795 allata
1145 758 1309 796 certum
1341 755 1458 795 ¹mihi
1504 755 1674 796 videtur

137 822 283 863 Genus
316 822 629 864 Acanthococci
660 823 965 877 Harveyanum
997 836 1134 876 neque
1165 837 1262 864 cum
1286 823 1533 877 Mychodea,
1556 824 1675 877 cujus

137 882 410 932 characteres
442 891 485 931 in
517 889 708 944 Specieb.
740 891 885 944 Algar.
932 890 1069 932 eidem
1114 891 1350 932 tribueram
1393 892 1547 945 (specie
1580 892 1670 945 My-

137 958 309 1000 chodeae
342 959 622 1012 congenerica
653 959 961 1013 considerata);
995 973 1132 1012 neque
1165 973 1261 999 cum
1293 958 1564 1014 Callophylli,
1597 974 1670 1000 cu-

130 1027 202 1080 jus
234 1030 496 1068 structuram
529 1041 699 1080 quoque
730 1027 818 1068 fere
849 1027 995 1077 refert,
1043 1041 1134 1068 esse
1179 1027 1423 1068 identicum.
1483 1027 1672 1070 Nucleus

135 1095 226 1147 ipse
258 1095 403 1136 Genus
435 1095 767 1149 Rhodymenieis
798 1095 999 1143 vindicat,
1031 1095 1131 1136 licet
1161 1095 1335 1137 habitus
1367 1095 1573 1138 Euthorae
1596 1100 1671 1137 aut

149 1163 473 1217 {hodophyllidi
494 1164 778 1217 propinquius
800 1164 1023 1204 indicaret.
1066 1164 1229 1205 Forsan
1251 1165 1521 1218 potissimum
1542 1165 1670 1206 hodie

130 1231 256 1285 juxta
288 1232 551 1273 Plocamium
582 1232 919 1284 disponendum,
954 1232 1264 1285 sphaerosporis
1296 1232 1468 1273 demum
1490 1233 1670 1274 detectis

134 1300 282 1342 forsan
313 1301 473 1341 certius
506 1300 558 1341 de
590 1300 797 1341 affinitate
830 1303 1021 1341 statuere
1051 1300 1163 1342 licet.

250 1368 420 1422 Species
443 1369 651 1421 Algarum
674 1369 877 1419 scribens,
900 1368 1172 1410 characteres
1194 1369 1447 1423 cystocarpii
1469 1369 1512 1410 in
1534 1370 1671 1422 specie

134 1437 352 1491 descripsi,
386 1450 515 1491 quam
547 1436 704 1478 Generi
735 1436 993 1491 Mychodeae,
1033 1437 1137 1478 mihi
1176 1437 1274 1478 dein
1314 1438 1497 1491 cognito,
1538 1438 1670 1490 perti-

133 1522 237 1549 nere
268 1512 418 1561 postea
448 1507 547 1548 vidi.
588 1506 753 1547 Revera
784 1507 1132 1548 Acanthococcus
1164 1521 1259 1548 cum
1292 1506 1528 1560 Mychodea
1572 1505 1670 1547 Cal-

133 1576 369 1631 lophyllide
401 1579 444 1617 et
474 1575 744 1630 Cystoclonio
778 1579 998 1617 structura
1033 1576 1122 1617 fere
1161 1580 1423 1630 congruente
1462 1576 1670 1617 convenit.

134 1645 243 1686 Sunt
281 1658 379 1685 vero
424 1644 590 1685 fructus
637 1643 826 1684 omnium
871 1644 1051 1685 invicem
1097 1648 1164 1685 sat
1209 1643 1419 1692 distincti3
1452 1648 1494 1684 et
1525 1642 1670 1684 fructu

133 1713 446 1754 Acanthococci
478 1726 504 1753 a
534 1726 601 1753 me
632 1711 732 1753 dein
764 1713 1006 1754 examinato
1048 1711 1172 1753 facile
1213 1713 1365 1766 agnovi
1397 1712 1670 1754 characteres

133 1782 455 1824 Acanthococco
488 1781 674 1822 tributos
705 1781 878 1821 minime
901 1781 938 1821 ei
960 1782 1187 1833 pertinere.
1231 1780 1340 1821 Hinc
1363 1780 1519 1831 Genus,
1541 1780 1670 1834 quale

132 1852 176 1892 in
210 1851 401 1905 Specieh.
434 1850 642 1903 Algarum
673 1849 943 1897 describitur,
977 1849 1121 1902 quoad
1152 1849 1422 1890 characteres
1445 1852 1487 1889 et
1508 1849 1669 1890 limites

133 1920 305 1961 omnino
337 1918 418 1960 fuit
448 1917 784 1959 reformandum.

136 2013 170 2052 1.
202 2011 275 2052 Ao.
307 2022 582 2051 ANTARcrrcus
615 2008 769 2059 (Hook.
801 2011 840 2049 et
870 2008 1008 2049 Harv.
1042 2008 1177 2050 Lond.
1208 2006 1361 2049 Jomn.
1393 2008 1425 2049 I
1434 2007 1479 2049 V.
1494 2022 1541 2060 p.
1564 2008 1667 2063 261)

246 2079 398 2120 fronde
429 2090 675 2130 compressa
706 2076 1236 2129 dichotomo-subpinnata
1266 2076 1568 2129 decomposita,
1600 2090 1667 2132 ra-

249 2148 330 2189 mis
361 2145 792 2198 erecto—patentibus,
825 2143 1003 2185 ramulis
1035 2158 1060 2184 a
1090 2144 1184 2185 basi
1214 2144 1367 2185 latiore
1414 2145 1668 2186 acuminatis

251 2214 594 2265 subsecundatis,
627 2213 904 2268 cystocarpiis
936 2212 1049 2252 infra
1079 2213 1220 2265 apices
1259 2212 1525 2253 ramulorum
1556 2214 1669 2253 intu-

245 2283 546 2327 mescentibus,
587 2281 766 2334 spinulis
812 2282 920 2321 4—ss
966 2281 1156 2321 armatis.
1205 2280 1249 2322 J.
1282 2280 1362 2331 Ass.
1400 2281 1470 2333 Sp.
1494 2295 1541 2333 p.
1574 2281 1666 2321 436.

246 2353 322 2394 Ac.
353 2352 614 2395 (commaticus
647 2349 782 2391 Hook.
814 2352 852 2389 ct
882 2348 939 2389 H.
973 2349 997 2388 l.
1031 2362 1063 2389 c.
1097 2347 1240 2400 Crpspz‘..
1272 2347 1372 2390 Ant.
1400 2362 1442 2400 2²·
1469 2350 1559 2389 171.
1582 2348 1664 2389 tab.

247 2422 366 2463 1811!
401 2419 681 2473 Callopleyllis
712 2420 951 2460 (fumatica
985 2418 1113 2459 Κίῐίε.
1149 2418 1220 2470 Sp.
1244 2422 1280 2458 et
1303 2418 1385 2459 tab.
1412 2417 1538 2470 Phyle.
1579 2418 1665 2460 Vol.

252 2490 408 2532 XVII
434 2490 516 2531 tab.
550 2490 615 2529 93.

325 2558 434 2601 Hab.
467 2557 521 2598 ad
554 2554 643 2609 Cap
676 2555 795 2596 Horu
827 2558 869 2595 et
900 2554 1070 2595 Insulas
1103 2553 1336 2594 Falkland!

542 2660 710 2712 Species
740 2657 868 2712 hujus
900 2657 1079 2699 Generis
1112 2657 1260 2698 dubim.

132 2759 168 2797 2.
202 2757 276 2797 Ac.
309 2767 600 2796 srmumonaus
631 2752 699 2806 (J.
733 2751 814 2803 Ass.
853 2754 929 2793 act.
977 2750 1119 2792 Holm.
1169 2739 1334 2803 (Jj'vers‘.
1383 2749 1488 2789 1849
1511 2763 1558 2801 2).
1591 2752 1665 2805 87)

244 2823 396 2864 fronde
428 2821 618 2862 filifornii
651 2821 915 2861 subcarnosa
945 2818 1071 2858 firma
1092 2817 1664 2870 dichoton‘io-raniosissima,
