1757 3114
104 113 364 156 Delesseria.
715 111 1016 151 DELnssnfflnAE.
1379 159 1381 162 ι
1553 103 1633 143 493

214 227 408 267 rentibus
455 225 609 274 densis,
656 223 1006 277 interjacentibus
1053 219 1217 261 cellulis
1262 217 1492 270 angulatis,
1526 216 1633 256 soris

215 324 390 336 .....
385 295 412 334 Α
416 309 443 334 n
474 294 555 334 huc
590 292 648 335 D.
682 291 969 334 crccssz'nervz’a
1001 288 1137 330 Mont.
1170 291 1266 339 (nec
1298 284 1469 339 alior.)?

327 362 436 404 Hab.
467 362 523 402 ad
554 375 651 402 oras
683 360 811 401 Novae
842 357 1056 399 Zelandiae
1088 354 1385 410 (Berggrenl).

190 444 311 478 Frons
355 443 514 483 minuta,
559 440 855 485 2-3pollicaris,
903 438 1018 471 dense
1060 447 1208 469 ramosa
1248 438 1285 468 et
1328 431 1503 477 caespites
1546 430 1631 475 plus

100 502 222 536 minus
261 502 397 535 densos
436 501 614 545 globosos
653 498 831 540 efficiens,
876 495 1018 540 phyllis
1066 492 1226 537 singulis
1266 492 1330 526 vix
1366 491 1507 524 lineam
1544 487 1632 521 latis

90 562 165 592 'aut
191 557 462 602 semipollicem
500 556 738 600 longitudine
776 551 1058 597 superantibus.
1109 549 1266 593 Stipites
1294 551 1332 582 et
1356 558 1545 582 ramorum
1576 545 1633 578 in-

99 616 277 650 feriorum
313 617 422 651 bases
462 614 642 648 denudati
689 612 895 646 filiformes,
934 608 1130 653 superiore
1167 610 1275 651 parte
1313 605 1437 639 valide
1476 606 1634 646 costata,

100 677 203 707 costa
240 673 277 706 in
304 673 400 706 alam
432 672 755 705 membranaceam
789 669 1028 702 excurrente.
1078 663 1186 698 Rami
1223 674 1353 697 omnes
1390 659 1634 705 prolificatio-

100 731 224 774 nibus,
262 733 421 773 utroque
459 730 580 762 latere
619 732 733 762 costae
768 727 878 771 juxta
914 723 1090 758 laminam
1127 719 1477 766 prorumpentibus,
1505 718 1634 763 singu-

100 789 146 821 lis
174 792 235 821 aut
277 800 376 832 saepe
415 787 587 831 pluribus
626 783 912 829 adproximatis,
949 782 1177 816 formantur:
1216 790 1315 813 nunc
1353 788 1498 821 quoque
1526 779 1635 810 extra

99 848 255 887 costam,
283 857 303 878 a
328 844 434 878 venis
461 843 638 877 laminam
674 840 997 886 percurrentibus,
1024 837 1154 882 phylla
1179 834 1434 880 prolificantia
1459 833 1634 877 pauciora

102 903 263 947 sparsim
290 905 502 944 emergunt.
538 901 672 944 Phylla
697 897 952 944 prolificantia
979 898 1067 929 sunt
1081 896 1157 939 jam
1174 893 1357 938 juvenilia
1377 892 1507 936 stipite
1527 890 1634 925 brevi

98 959 216 1002 affixa,
244 963 282 992 et
307 962 413 993 costa
439 958 609 1002 stipitem
636 956 882 990 continuante
910 953 1033 988 valide
1061 954 1219 994 costata,
1246 950 1458 983 lanceolata
1481 951 1545 982 aut
1564 960 1631 981 ste-

97 1017 180 1060 pius
207 1016 330 1051 ovalia
356 1019 392 1049 et
420 1015 561 1049 sensim
586 1015 749 1058 oblonga.
775 1010 1046 1052 obtusiuscula,
1072 1008 1245 1052 margine.
1263 1007 1415 1052 integro
1435 1016 1547 1050 parce
1566 1017 1632 1038 un-

97 1075 238 1108 dulato.
287 1075 319 1107 A
345 1076 450 1107 costa
475 1072 653 1114 utrinque
680 1069 911 1115 proveniunt
936 1078 1041 1101 venae
1074 1064 1369 1108 microscopicae,
1402 1062 1549 1096 cellulis
1577 1062 1631 1096 di-

96 1131 267 1165 rectione
294 1141 472 1164 venarum
499 1126 735 1173 prolongatis
763 1125 996 1166 constitutae,
1022 1122 1160 1157 leviter
1184 1121 1291 1155 flexae
1322 1123 1360 1154 et
1385 1119 1631 1153 anastomosi-

96 1189 165 1222 bus
191 1188 354 1221 invicem
382 1186 441 1220 hic
478 1185 558 1219 illic
591 1184 748 1227 junctae,
785 1182 1036 1225 interjacente
1076 1179 1216 1213 lamina
1248 1178 1404 1212 cellulas
1432 1177 1631 1221 angulatas

96 1244 290 1279 breviores
318 1244 512 1278 offerente.
563 1242 605 1275 In
632 1240 773 1285 phyllis
805 1238 1004 1272 admodum
1027 1235 1273 1281 juvenilibus,
1300 1235 1339 1268 in
1367 1234 1501 1278 quibus
1529 1236 1633 1267 costa

96 1291 297 1336 fere'vena
324 1300 512 1335 subsimili
539 1299 736 1341 stu-matur,
764 1308 868 1331 venae
896 1295 1075 1329 laterales
1116 1293 1371 1338 suboppositae
1404 1293 1631 1336 adpareant;

96 1364 200 1394 costa
226 1363 348 1393 autem
375 1370 461 1392 mox
488 1356 670 1391 corticata
688 1360 725 1389 et
743 1356 953 1389 incrassata
971 1365 1076 1387 venae
1098 1351 1394 1387 subinordinatae
1414 1353 1631 1385 occurrunt.

95 1417 256 1451 Fructus
283 1416 323 1449 in
348 1418 479 1449 nostra
504 1414 628 1448 nullos
656 1412 746 1446 vidi.

188 1473 283 1508 Sunt
308 1473 346 1505 in
372 1470 635 1516 magnitudine
663 1473 700 1503 et
726 1468 1011 1502 ramificationis
1045 1478 1177 1501 norma
1202 1467 1311 1511 hujus
1337 1466 1469 1508 multa,
1496 1464 1631 1508 quibus

97 1542 180 1565 cum
206 1530 251 1564 D.
279 1528 530 1563 crassinervia
556 1527 676 1561 Mont.
704 1525 908 1560 convenire
936 1525 1146 1558 videretur.
1182 1523 1319 1558 Obstat
1345 1535 1434 1557 vero
1461 1522 1560 1566 quod
1585 1521 1631 1555 de

95 1587 202 1623 venis
229 1584 523 1630 mici-oscopicis,
561 1583 760 1617 admodum
798 1581 1011 1626 conspicuis
1038 1582 1077 1616 in
1110 1584 1253 1625 nostra,
1292 1581 1438 1614 nullum
1475 1580 1631 1613 verbum

95 1645 210 1679 habet
235 1644 455 1687 Montagne.
506 1641 615 1675 Suam
642 1641 810 1684 plantam
837 1639 1037 1672 evidenter
1064 1638 1236 1681 senilem,
1265 1641 1303 1672 et
1328 1637 1469 1671 lamina
1493 1636 1531 1669 in
1550 1635 1632 1680 plu-

95 1701 199 1736 ribus
226 1699 340 1734 ramis
378 1699 511 1732 derasa
548 1697 674 1731 forsan
713 1695 938 1740 hyemalem,
978 1695 1081 1739 cujus
1110 1695 1147 1728 in
1172 1694 1368 1729 frondibus
1397 1693 1630 1737 juvenilibus

94 1758 223 1803 paucis
251 1768 356 1791 venae
384 1766 516 1800 parum
542 1753 755 1797 conspicuae
783 1753 977 1795 adessent,
1015 1751 1171 1785 credere
1208 1762 1418 1795 propensus
1455 1749 1629 1790 fuissem3

95 1814 297 1849 nonnullas
325 1816 452 1846 tamen
478 1811 645 1853 frondes,
664 1809 803 1843 lamina
820 1809 1029 1842 instructas
1049 1808 1145 1843 vidit
1165 1811 1203 1842 et
1221 1807 1412 1852 depinxit3
1439 1817 1631 1850 venasque

94 1872 134 1906 in
158 1871 232 1915 his,
261 1871 292 1904 si
318 1870 542 1912 adfuissent,
569 1870 613 1903 ab
641 1880 683 1902 eo
721 1866 1002 1911 praetermissas
1040 1866 1156 1900 fuisse
1195 1877 1237 1900 eo
1274 1865 1399 1899 minus
1438 1875 1630 1898 assumere

94 1929 148 1963 fas
175 1932 247 1971 est,
274 1939 387 1972 quum
409 1926 484 1971 jam
512 1929 602 1959 tunc
629 1923 809 1968 temporis
842 1923 1087 1967 praesentiam
1125 1927 1188 1957 aut
1226 1922 1417 1957 defectum
1449 1933 1630 1956 venarum

95 1987 335 2020 characteres
374 1983 568 2028 cujusdam
606 1980 789 2016 momenti
824 1980 864 2014 in
903 1980 1098 2025 speciebus
1136 1979 1320 2024 proximis
1359 1978 1629 2023 dignoscendis

100 2044 286 2087 praebere,
312 2040 505 2085 cognitum
531 2039 615 2073 fuit.
664 2038 742 2072 Nec
779 2040 947 2071 nostram
986 2049 1067 2071 cum
1094 2037 1138 2070 D.
1165 2035 1373 2070 Nereifolia
1396 2036 1512 2070 Harv.
1541 2046 1628 2069 con-

48 2127 50 2129 ,
95 2111 233 2145 gruere
258 2098 402 2143 putavi.
452 2097 556 2141 Quod
583 2097 629 2130 de
656 2096 762 2130 venis
791 2095 974 2140 oppositis
1001 2094 1224 2138 venulisque
1249 2093 1348 2128 dixit
1365 2093 1479 2127 alium
1498 2096 1630 2137 typum

34 2178 42 2183 κ
97 2159 269 2201 spectare
295 2154 388 2188 mihi
414 2153 600 2199 adparuit.

95 2278 131 2317 γ.
168 2259 556 2314 Prolffleatiombus
587 2274 615 2300 a
644 2259 785 2300 media
821 2261 937 2300 costa
966 2257 1290 2312 submwfariam
1312 2256 1628 2310 prorumpenti-

211 2331 287 2372 bus
318 2327 594 2380 subse'nyulz's,
616 2328 821 2381 fronde-m
857 2342 960 2382 vaye
989 2341 1208 2369 ramosam
1238 2327 1404 2369 (lemma
1424 2327 1628 2380 formem-

210 2400 332 2441 tibus.

97 2492 161 2532 36.
192 2490 242 2531 D.
274 2501 511 2530 RusclromA
542 2487 699 2541 (Turn.
739 2491 784 2530 m
822 2488 920 2530 Lm.
959 2489 1114 2530 Trans.
1166 2488 1241 2530 VI.
1263 2501 1310 2541 p.
1346 2488 1447 2543 1:27)
1477 2486 1628 2528 fronde

173 2606 180 2612 ,
209 2558 613 2605 corticato-costata,
646 2556 1031 2609 prolificationibus
1063 2571 1089 2598 a
1121 2557 1261 2598 media
1292 2560 1410 2597 costa
1431 2569 1628 2609 prorum-

210 2625 411 2680 pentibus
442 2624 621 2678 singulis
653 2626 967 2667 subunifariam
999 2626 1169 2666 seriatis
1200 2624 1395 2666 frondem
1426 2638 1532 2678 vage
1558 2637 1628 2665 ra-

208 2707 370 2736 mosam
404 2693 573 2734 demum
608 2692 906 2745 formantibus,
946 2694 1105 2736 foliolis
1146 2693 1520 2747 lineari-oblongis
1553 2693 1626 2735 ob-

211 2763 319 2804 tusis
349 2762 544 2814 margine
575 2762 876 2814 integerrimis,
900 2763 1015 2803 venis
1036 2762 1350 2815 microscopicis
1371 2762 1507 2816 magis
1528 2776 1627 2804 con-

212 2830 369 2884 spicuis
401 2844 427 2871 a
457 2833 576 2871 costa
607 2831 944 2882 excurrentibus,
977 2830 1327 2884 interjacentibus
1358 2829 1523 2872 cellulis
1550 2844 1626 2872 an-
