1757 3114
102 124 184 166 270
788 124 1031 166 SPYRIDIEAE.
1391 106 1393 108 ι
1415 124 1635 179 Spyridion.

215 252 351 292 usque
383 237 729 280 sub-inordinate
759 238 990 289 corticatis‚
1013 237 1203 279 ramellis
1223 238 1425 280 brevibus
1446 239 1636 281 robustis

214 321 240 347 a
270 307 364 348 basi
394 307 549 348 latiore
586 307 737 348 eximie
783 307 1017 348 attenuatis
1064 307 1268 360 oppositis
1313 307 1563 361 patentibus
1594 311 1637 348 et

214 375 551 428 divergentibus,
585 375 640 416 ad
672 374 872 429 genicula
911 374 1165 416 cellularum
1203 375 1471 416 corticalium
1502 374 1637 416 fascia

213 458 368 497 parum
399 444 631 497 conspicua
662 444 892 489 corticatis,
924 444 1120 485 acumine
1159 444 1342 497 simplici
1377 445 1634 495 terminatis,

213 511 409 553 articulis
440 526 661 554 ramorum
698 512 1064 566 ramellorumque
1104 512 1316 554 diametro
1356 512 1635 555 brevioribus.

363 579 429 621 Acl
461 579 625 622 Novam
657 580 935 622 Hollandiam
967 579 1286 622 occidentalem.

190 660 248 694 Ad
276 659 424 705 Spyrid.
450 660 661 705 oppositam
680 660 761 695 haec
780 663 882 694 arcte
902 660 1063 703 accedit,
1081 660 1248 694 ramellis
1268 659 1505 695 brevioribus
1526 660 1635 695 stric-

97 717 259 752 tioribus
287 720 324 751 et
350 717 469 763 magis
497 719 715 762 patentibus
743 718 907 752 diversa.
957 717 1126 762 Utraque
1165 717 1311 762 species
1343 728 1491 763 magna.
1543 717 1633 762 Spy-

98 775 198 809 ridia
223 776 398 821 opposita
425 778 607 810 oaeterum
633 776 750 811 caulis
776 776 896 811 forma
921 776 1052 810 distat.

97 871 133 910 6.
166 869 229 911 Sp.
263 884 455 911 OPPOSITA
485 870 646 925 (Harv.
678 872 724 913 in
759 871 804 912 F
804 871 828 912 l.
855 871 961 912 Nov.
985 870 1072 912 Zel.
1096 871 1165 912 II.
1188 871 1289 925 256)
1311 869 1463 911 fronde
1485 869 1632 910 obtus-

209 939 366 992 angule
399 941 706 994 subtetragona
738 939 1005 981 subdistiche
1036 952 1219 989 ramosa,
1252 939 1385 979 ramis
1416 938 1535 991 vagis
1558 937 1631 978 (le-

208 1021 324 1047 mum
356 1021 702 1061 quoquoversum
734 1008 944 1061 porrectis
974 1007 1240 1062 ramulisque
1278 1006 1335 1048 acl
1367 1007 1531 1060 apicem
1561 1021 1630 1048 us-

209 1089 293 1128 que
325 1076 654 1118 subinorclinate
686 1077 917 1123 corticatis,
940 1075 1131 1117 ramellis
1152 1075 1420 1129 longioribus
1443 1075 1630 1116 robustis

208 1158 234 1185 a
263 1144 359 1186 basi
390 1144 545 1186 latiore
577 1145 730 1186 eximie
768 1145 1003 1186 attenuatis
1041 1144 1249 1197 oppositis
1285 1143 1534 1197 patentibus
1564 1144 1630 1183 in-

209 1214 350 1255 curvis
383 1218 424 1255 et
455 1215 620 1267 apicem
651 1228 800 1255 versus
832 1213 1199 1267 convergentibus,
1233 1212 1288 1254 acl
1319 1212 1517 1266 genicula
1546 1212 1630 1253 cel-

207 1283 398 1324 lularum
444 1283 714 1324 corticalium
768 1281 905 1324 fascia
955 1281 1110 1324 latiore
1155 1281 1385 1329 corticati5‚
1433 1281 1629 1321 acumine

207 1351 392 1405 simplici
437 1351 695 1402 terminatis,
748 1351 941 1393 articulis
994 1364 1215 1391 ramorum
1265 1349 1629 1402 ramellorumque

205 1419 417 1461 diametro
450 1420 731 1461 brevioribus.
763 1419 901 1461 Ham).
938 1418 1113 1472 Phycol.
1147 1422 1281 1460 masta
1315 1418 1399 1459 tab.
1434 1417 1525 1458 158.

204 1488 269 1529 Ad
301 1487 466 1530 Novam
497 1488 777 1530 Hollandiam
809 1488 1120 1530 occidentalem
1153 1492 1196 1529 et
1225 1487 1460 1529 australem
1492 1499 1628 1539 usque

357 1557 413 1599 acl
443 1557 609 1600 Novam
639 1557 904 1599 Zelandiam.

88 1702 155 1722 Ἡ*
192 1701 362 1743 Fronde
393 1701 661 1743 teretc'vscula
692 1700 947 1743 sszcbd‘e'st‘c'che
978 1713 1164 1747 ramosa,
1197 1698 1388 1740 ramellis
1416 1698 1462 1739 in
1482 1710 1626 1738 ramot-

203 1770 257 1812 lis
287 1770 453 1812 ultimis
491 1771 690 1811 ‘interiore
735 1770 864 1811 latere
910 1769 1247 1819 suhsccundatis,
1276 1769 1323 1809 in
1352 1766 1522 1808 mcliida
1553 1780 1626 1807 ra.-

200 1839 338 1880 mulos
368 1840 599 1881 sustinente
629 1839 942 1892 sub-bifariam
973 1837 1232 1880 excuntibus.

90 1944 127 1984 7.
160 1942 223 1984 Sp.
258 1955 458 1990 SQUALIDA
490 1942 557 1996 (J.
590 1943 671 1996 Ay.
705 1945 851 1998 mser.)
882 1942 1034 1984 fronde
1064 1940 1342 1983 teretiuscula
1362 1939 1502 1981 valide
1525 1953 1624 1980 cau-

202 2011 388 2053 lescente
419 2012 584 2053 inferne
616 2012 878 2065 adparenter
915 2025 1258 2071 quoquoversum
1296 2023 1402 2063 vage
1440 2023 1623 2057 ramosa,

203 2080 497 2132 superioribus
528 2081 661 2121 ramis
693 2075 957 2121 subdistichc
989 2078 1191 2132 pinnatis,
1238 2077 1414 2118 ramulis
1459 2077 1623 2119 ultimis

205 2149 407 2201 utrinque
440 2148 592 2189 eximie
615 2148 852 2188 attenuatis
874 2145 1360 2188 clavato-fusiformibus
1384 2146 1437 2187 ad
1459 2146 1623 2199 apicem

203 2229 338 2269 usque
384 2216 603 2257 corticatis
647 2216 833 2257 incurvis
866 2219 908 2256 et
937 2215 1142 2256 interiore
1188 2214 1322 2255 latere
1369 2213 1621 2265 ramellosis,

202 2284 378 2324 rachide
411 2284 696 2326 subbifariam
720 2283 960 2328 ramellosa,
984 2283 1174 2324 ramellis
1196 2283 1384 2323 robustis
1407 2282 1621 2323 obtusius-

199 2353 306 2394 culis
338 2352 391 2393 ad
424 2352 622 2405 genicula
653 2351 818 2393 cellulis
849 2351 999 2405 paucis
1044 2351 1277 2398 corticatis„
1325 2350 1519 2391 articulis
1550 2364 1620 2390 ra-

199 2421 426 2463 mellorum
458 2422 670 2463 diametro
703 2421 1063 2463 subbrevioribus.

350 2491 416 2531 Ad
448 2490 613 2532 Novam
644 2489 920 2531 Hollandiam
952 2489 1199 2531 australem.

177 2568 389 2613 Spyridiam
414 2569 453 2603 in
479 2569 548 2603 hac
574 2570 693 2604 forma
718 2570 851 2612 latere,
879 2570 943 2603 vix
970 2569 1116 2603 cuidam
1142 2570 1182 2603 in
1207 2573 1373 2604 mentem
1402 2570 1531 2604 veniat
1556 2570 1618 2613 qui

85 2628 233 2660 tantum
261 2630 459 2660 externam
484 2626 617 2660 faciem
643 2626 838 2671 respiciat:
876 2626 1000 2670 potius
1039 2626 1300 2670 Gracilariam,
1338 2629 1415 2670 aut,
1441 2630 1618 2671 respectu

84 2682 214 2717 habito
240 2683 286 2716 ad
303 2683 459 2717 formam
479 2684 720 2727 ramulorum,
739 2684 870 2718 rudem
891 2683 1076 2726 quandam
1097 2684 1324 2718 Chondriam
1344 2683 1617 2718 tenuissimam.

85 2738 126 2772 In
153 2740 285 2783 planta
311 2751 399 2774 vero
437 2740 647 2774 accuratius
684 2740 858 2785 inspecta
894 2740 1055 2784 ramelli‚
1094 2740 1306 2775 denticulos
1343 2740 1618 2776 minutissimos

84 2797 321 2840 aemulantes,
359 2796 398 2830 in
436 2801 681 2841 conspectum
719 2798 895 2838 veniunt3
935 2801 973 2831 et
1010 2797 1114 2831 tenui
1155 2797 1321 2832 sectione
1366 2800 1616 2832 transversali

82 2852 181 2886 faeta
206 2853 299 2886 rami
326 2866 472 2897 quoque
498 2854 666 2899 majoris,
694 2854 820 2889 lumen
846 2854 1090 2889 articulorum
1118 2855 1223 2899 quasi
1261 2855 1422 2889 interius
1451 2857 1616 2899 spatium
