1757 3114
95 82 173 122 312
646 81 1030 125 RHODYMENlACEAE.
1276 85 1626 140 Hymenocladia.

206 197 426 249 stocfflffla
457 208 589 249 supra
618 195 814 238 frondem
836 195 1176 251 hemisphaerica,
1197 199 1314 241 intra
1335 199 1626 254 pericarpium

206 278 411 314 crassum,
444 265 729 316 carpostomio
760 265 984 315 munitum,
1031 266 1231 308 nucleum
1275 267 1513 321 simplicem
1557 282 1626 310 ro-

209 333 441 374 tundatum
472 337 548 373 aut
576 333 771 375 lobatum
816 334 1022 385 foventia3
1069 336 1245 378 nucleus
1291 338 1408 379 intra
1437 338 1626 391 pericar-

206 401 326 454 pium
357 400 649 452 nudiusculus,
682 402 811 456 plano
843 402 982 444 basali
1019 403 1258 457 impositus,
1304 406 1626 459 placentaribus

205 469 288 510 filis
320 468 774 522 paniculato-ramosis
795 470 917 512 lobos
939 472 1268 525 sustinentibusj,
1292 475 1379 516 lobi
1399 488 1626 528 praegnan-

204 541 268 579 tes
301 538 740 588 obovato-rotundati,
772 540 993 594 stipitibus
1024 541 1122 594 plus
1153 543 1295 585 minus
1327 544 1507 586 ramosis
1538 543 1626 585 suf-

205 605 316 658 fulti,
350 607 584 660 gemmidia
614 607 802 661 plurima
838 609 1294 664 rotundato-oblonga,
1341 612 1431 654 sine
1476 612 1626 654 ordine

205 676 434 729 conspicuo
487 677 757 731 conglobata,
816 679 940 732 quasi
990 694 1114 721 muco
1173 681 1375 732 cohibita,
1420 681 1624 724 foventes.

210 744 525 798 Spleoerosporoe
556 745 802 800 majusculae
835 759 995 800 sparsae
1026 748 1243 802 triangule
1275 749 1432 791 divisae.

205 846 351 888 Genus
382 860 434 889 ex
464 861 552 889 una
583 853 706 901 parte
728 849 1047 903 Rhodymeniae,
1070 864 1121 892 ex
1143 851 1282 893 altera
1301 851 1449 894 forsan
1470 851 1626 894 Cham-

90 915 173 969 piae
205 916 460 968 proximum.
521 915 628 958 Cum
660 918 957 972 Rhodymenia
978 921 1258 973 cystocarpiis
1290 924 1332 962 et
1361 921 1451 963 fere
1488 926 1626 964 struc-

93 988 195 1026 tura
226 984 442 1035 convenit3
475 985 682 1027 cellulosa
713 990 857 1028 autem
888 987 1069 1028 interior
1099 988 1223 1042 quasi
1253 990 1392 1043 magis
1421 989 1522 1032 laxa
1551 1004 1627 1044 pa-

90 1053 272 1094 rietibus
304 1053 572 1107 gelatinosis3
613 1054 657 1095 in
694 1054 760 1096 his
807 1055 1043 1108 adparatus
1088 1056 1266 1110 quidam
1312 1058 1626 1101 arachnoideus

90 1121 326 1175 aliquando
358 1122 552 1164 evolutus
582 1123 765 1173 videtur,
798 1124 913 1165 intra
934 1123 1112 1166 cellulas
1134 1126 1319 1180 majores
1340 1127 1625 1180 introductus,

89 1189 231 1231 minus
262 1193 407 1231 tamen
445 1191 617 1232 evidens
649 1205 779 1245 quam
810 1192 854 1232 in
886 1190 1201 1247 Callophyllicle
1233 1200 1275 1235 et
1305 1194 1558 1250 Polycoelia,
1581 1197 1626 1238 in

91 1258 269 1299 diversis
302 1272 472 1312 quoque
504 1259 726 1312 speciebus
764 1260 861 1312 plus
907 1261 1048 1302 minus
1093 1263 1359 1315 conspicuus.
1422 1263 1465 1305 Si
1497 1265 1625 1306 sectio

90 1326 258 1368 frondis
292 1326 373 1368 sub
404 1328 684 1382 microscopio
716 1328 879 1370 (liutius
912 1333 1201 1381 conservatur,
1232 1332 1419 1385 parietes
1451 1332 1626 1374 cellula-

89 1409 186 1437 rum
217 1395 466 1450 gelatinosae
499 1397 777 1439 obsoletiores
808 1398 918 1440 fiunt
948 1402 990 1440 et
1022 1399 1251 1449 dissolutae,
1284 1400 1370 1442 tela
1401 1401 1626 1444 arachnoi-

89 1463 172 1505 dea
216 1465 353 1518 magis
399 1464 629 1518 conspicua
675 1469 716 1507 et
763 1466 1039 1519 perdurante.
1098 1468 1355 1521 Principalis
1396 1472 1509 1517 nota,
1542 1483 1628 1523 qua

88 1532 233 1574 Genus
265 1546 291 1574 a
320 1532 619 1587 Rhodymenia
651 1534 795 1585 distat,
827 1536 872 1576 in
906 1536 1217 1590 sphaerosporis
1248 1537 1348 1589 sita3
1379 1537 1445 1578 hae
1473 1538 1517 1579 in
1538 1538 1625 1593 Hy-

89 1601 359 1643 menocladia
405 1602 637 1643 admodum
684 1615 865 1656 magnae,
913 1604 1028 1646 nudo
1067 1605 1189 1646 oculo
1220 1608 1296 1646 aut
1326 1605 1440 1647 lente
1470 1620 1625 1659 parum

89 1675 276 1725 augente
308 1671 599 1721 observandae,
632 1671 745 1713 infra
777 1677 961 1715 stratum
993 1674 1194 1716 corticale
1216 1675 1439 1727 immersae,
1464 1689 1624 1729 sparsae

88 1739 306 1794 triangule
337 1740 495 1781 divisae.
555 1740 650 1791 Qua
681 1741 855 1795 quidem
893 1746 997 1784 nota
1034 1743 1178 1785 Genus
1211 1743 1265 1784 ad
1297 1741 1552 1798 Champiam
1583 1749 1625 1787 et

90 1806 415 1863 Chylocladiam
447 1809 589 1863 potius
620 1810 798 1852 accedit.

89 1937 108 1958 *
145 1937 315 1979 Fronde
346 1950 395 1978 em
425 1938 543 1978 tereti
589 1952 844 1991 compressa,
878 1940 1112 1983 dichotoma
1157 1944 1233 1983 aut
1262 1955 1289 1982 a
1321 1943 1513 1995 mmyz'ne
1548 1956 1622 1985 ra-

201 2019 320 2048 mosa
351 2005 622 2058 submoneam,
655 2009 935 2061 cystocarpiis
966 2009 1292 2062 marffl'nalibus.

92 2121 127 2161 1.
160 2118 210 2160 H.
242 2132 519 2160 DACTYLOIDES
551 2119 702 2174 (Sond.
738 2121 837 2163 Bot.
871 2121 976 2164 Zez't.
1009 2123 1115 2164 1845
1139 2137 1186 2176 p.
1219 2124 1292 2180 55)
1324 2124 1476 2167 fronde
1508 2139 1622 2167 com-

199 2201 350 2242 pressa
380 2186 571 2229 filiformi
603 2192 645 2230 et
685 2189 930 2232 dichotoma
965 2195 1040 2233 aut
1076 2192 1145 2233 hic
1183 2191 1272 2233 illic
1311 2193 1494 2235 dilatata
1525 2198 1567 2236 et
1597 2209 1623 2236 a

200 2256 396 2310 margine
427 2270 611 2304 ramosa,
646 2257 948 2311 decomposita,
979 2260 1112 2301 ramis
1145 2274 1277 2313 supra
1298 2260 1450 2303 axillas
1473 2265 1621 2304 rotun-

201 2325 325 2367 datas
372 2339 483 2378 saepe
529 2327 729 2375 curvatis,
777 2327 875 2368 hinc
920 2329 1110 2370 ramulos
1156 2329 1424 2381 secundatos,
1458 2332 1622 2384 apicem

199 2407 348 2435 versus
380 2394 538 2435 sensim
569 2398 816 2437 attenuatos
848 2397 1154 2443 emittentibus,
1192 2399 1468 2452 cystocarpiis
1506 2414 1620 2441 mar-

202 2461 419 2516 ginalibus
453 2476 564 2516 saepe
597 2465 853 2506 secundatis.
902 2465 1155 2508 &raedam
1185 2467 1445 2520 clactyloides
1493 2468 1619 2511 Sonti.

202 2531 227 2572 Ζ.
260 2545 290 2572 c.
323 2530 370 2573 J.
401 2532 482 2585 Ay.
518 2532 591 2584 Sp.
614 2546 662 2585 p.
695 2534 787 2574 604.
820 2533 957 2575 Harv.
995 2533 1122 2588 Phyle.
1154 2539 1288 2577 (lustr.
1321 2535 1401 2577 tab.
1434 2536 1497 2577 80.

354 2612 420 2652 Ad
452 2611 617 2653 Novam
647 2612 925 2654 Hollandiam
958 2614 1279 2657 occidentalem.

180 2701 423 2748 Cystocarpia
448 2703 735 2748 Rhodymcniae,
769 2715 838 2738 nec
864 2704 1096 2749 Gracilariae,
1123 2706 1162 2739 in
1188 2706 1256 2740 hac
1283 2706 1372 2741 vidi.
1423 2706 1621 2741 Structura

89 2761 146 2792 cst
171 2759 477 2802 Hymcnocladiae
506 2761 611 2794 velut
637 2760 924 2805 sphaerosporae,
951 2773 1034 2805 quae
1061 2773 1079 2796 a
1097 2762 1248 2807 Harvey
1266 2763 1457 2809 triangule
1485 2762 1617 2798 divisae

87 2814 308 2860 pinguntur.
359 2816 445 2861 Ipse
473 2817 756 2862 sphaerosporas
785 2829 859 2853 non
886 2817 976 2852 vidi.
