1757 3114
124 127 203 168 378
751 126 1042 174 SQUAMARIEAE.
1387 126 1652 170 Gomara-cia.

123 237 224 281 Ca?
255 253 382 281 nosnA
413 237 609 293 (Gronau
640 238 736 293 Azy.
773 239 930 281 Finist.
943 253 991 292 p.
1015 240 1116 295 147)
1148 238 1402 283 Contarinia
1432 254 1556 282 rosea
1584 237 1651 282 Cr.

234 309 280 350 ⁴in
310 307 423 349 Ama.
461 307 524 350 Sc.
559 307 661 349 Nat.
694 307 719 349 l.
750 322 781 348 c.
803 307 869 360 pl.
902 307 925 347 3
945 308 1022 361 fiy.
1054 308 1077 348 5
1111 321 1229 349 a—c.

387 387 437 428 ln
467 386 746 441 fragmenteis
776 387 875 427 vitri
907 390 985 427 etc.
1018 387 1073 428 ad
1103 387 1240 429 Brest.

122 563 372 613 ΙΔΧΧΧΪΕῘΒ.
409 563 721 615 CONTARINIA
759 573 952 616 Zanard.
984 573 1028 615 J.
1061 573 1141 627 Ay.
1178 573 1248 626 Sp.
1271 588 1318 627 10.
1350 575 1442 615 492.

122 689 258 731 Frons
290 693 513 731 crustacea
542 689 867 731 liorizontaliter
912 702 1102 742 expansa
1145 688 1348 730 inferiore
1387 689 1546 743 pagina
1575 689 1651 731 ad-

235 762 351 809 nata,
383 759 530 800 stratis
561 758 728 800 duobus
759 762 976 800 contexta:
1009 757 1211 799 inferiore
1243 758 1535 808 decumbente,
1568 758 1652 800 cel-

233 827 332 868 lulis
363 828 406 868 in
437 827 510 868 fila
539 826 865 869 horizontaliter
895 829 936 866 et
958 825 1294 868 subflabellatim
1315 827 1532 868 iadiantia
1552 840 1651 868 con-

226 895 400 950 junctis,
433 896 654 948 superiore
685 894 768 936 filis
799 894 1075 936 verticalibus
1114 894 1355 936 alticulatis
1394 894 1651 968 dicliotomis

230 978 353 1006 muco
391 963 522 1006 fluido
568 963 809 1013 obvallatis
856 963 1100 1005 constituto.
1162 961 1443 1017 Cgsstocarpia
1475 996 1649 1005 .....

233 1032 547 1086 Sphoerosporce
577 1032 958 1073 transformatione
990 1032 1100 1072 rami
1131 1036 1248 1083 ortae,
1271 1032 1315 1072 in
1336 1031 1407 1073 filo
1440 1032 1646 1073 termina-

232 1102 306 1153 les,
339 1105 529 1144 obovatae
561 1102 785 1143 cruciatim
816 1100 1158 1156 (irregulariter)
1191 1100 1508 1154 quadridivisae.

119 1220 153 1259 1.
186 1217 230 1259 C.
262 1219 733 1260 PEYSSONNELJAEFORMIS
779 1216 993 1269 (Ζαηανσῐ.
1042 1216 1167 1271 Sayy.
1191 1231 1239 1270 p.
1272 1217 1346 1273 45)
1385 1216 1431 1260 J.
1463 1217 1543 1270 Ay.
1579 1216 1652 1270 Sp.

220 1301 267 1341 p.
298 1287 392 1328 493.
424 1286 617 1329 Zamard.
650 1287 766 1328 Icon.
798 1285 971 1328 Adi-iat.
994 1299 1042 1338 10.
1076 1286 1126 1326 47
1160 1285 1241 1326 tab.
1279 1284 1409 1327 XII!

228 1370 338 1411 Hab.
369 1369 425 1411 ad
455 1366 665 1423 Spongias
697 1372 739 1410 et
770 1366 1037 1422 Cystoseiras
1069 1368 1200 1409 maris
1232 1367 1444 1408 adriatici.

205 1460 265 1494 Ad
289 1460 388 1494 hanc
414 1459 579 1505 speciem
604 1462 709 1493 arcte
736 1459 917 1493 accedere
936 1458 1088 1493 videtur
1109 1458 1211 1494 Cont.
1225 1458 1478 1503 pulcherrima
1497 1458 1648 1494 Crouan

78 1552 87 1560 ,
114 1518 156 1551 in
182 1516 221 1551 F
222 1517 247 1551 l.
276 1516 315 1552 F
314 1518 416 1552 mist.
438 1528 480 1561 p.
507 1517 571 1550 147
592 1517 662 1551 tab.
682 1517 725 1550 18
735 1517 803 1561 fiy.
823 1517 889 1550 124
907 1516 1177 1559 (Rhsododz'scus
1196 1515 1472 1560 pulcherrimus
1497 1515 1648 1550 Gronau

114 1575 157 1609 in
181 1574 282 1608 Anu.
310 1574 365 1609 Sc.
405 1574 496 1608 Nat.
536 1573 600 1607 IV
633 1573 710 1608 Ser.
751 1577 831 1608 tom.
870 1575 912 1607 12
932 1574 989 1618 pl.
1016 1574 1058 1606 22
1076 1574 1144 1618 figy.
1172 1574 1333 1617 29—33),
1361 1584 1471 1616 quam
1496 1572 1647 1607 omnino

115 1644 199 1666 cum
225 1643 291 1665 sua
319 1632 445 1676 specie
471 1631 677 1665 identicam
709 1630 968 1666 consideravit
998 1630 1218 1674 Zanardini,
1244 1632 1286 1664 ut
1312 1630 1532 1664 distinctam
1558 1641 1647 1664 vcro

115 1688 280 1733 speciem
306 1688 535 1723 Contariniae
562 1690 773 1723 memorant
799 1688 892 1722 Celti
919 1688 1077 1722 Crouan.
1128 1687 1260 1722 Colore
1286 1686 1412 1722 laetius
1438 1697 1647 1721 roseo-car—

114 1746 239 1781 mineo
266 1749 303 1780 et
328 1745 474 1780 frondis
511 1745 683 1780 tenuiore
721 1748 842 1780 strato
878 1744 1086 1789 specimina
1113 1756 1133 1778 a
1159 1744 1308 1779 Crouan
1343 1744 1460 1778 missa
1496 1743 1648 1778 diversa

115 1803 265 1847 quidem
291 1802 483 1838 videntur.
531 1802 574 1836 In
599 1803 731 1846 planta
756 1801 977 1836 Zanardinii
1003 1802 1184 1836 articulos
1209 1800 1358 1835 filorum
1388 1801 1500 1845 paulo
1525 1800 1646 1845 longi-

114 1870 198 1895 ores
225 1859 426 1904 (diametro
453 1858 807 1904 sesqui-longiores)
835 1858 925 1892 vidi.
975 1857 1019 1892 In
1046 1858 1153 1892 Cont.
1180 1857 1437 1902 pulcherrima
1465 1856 1644 1891 articulos

113 1916 323 1960 breviores,
350 1917 534 1951 diametro
561 1916 725 1960 aequales
745 1919 809 1949 aut
826 1927 958 1961 parum
977 1915 1181 1961 longiores,
1200 1915 1366 1960 pingunt
1384 1914 1461 1949 Cel.
1485 1914 1644 1949 Crouan.

116 1973 304 2007 Caeterum
330 1972 473 2007 dixisse
498 1973 625 2017 placet
650 1983 707 2006 me
735 1973 1019 2017 sphaerosporas
1038 1984 1114 2007 non
1131 1972 1185 2006 ita
1202 1971 1432 2017 regulariter
1448 1970 1487 2004 in
1505 1970 1644 2004 lineam

116 2029 393 2074 superficialem
419 2029 624 2073 dispositas
650 2028 804 2073 vidisse,
830 2029 960 2072 quales
987 2028 1139 2063 easdem
1170 2027 1335 2073 pingunt
1365 2029 1538 2062 auctores
1569 2027 1647 2060 lau-

115 2086 213 2127 dati;
240 2086 308 2120 sed
333 2085 425 2120 alias
452 2084 711 2129 superficiales
736 2084 775 2118 in
801 2084 864 2119 filo
890 2085 1076 2130 longiore,
1103 2085 1195 2119 alias
1221 2084 1324 2119 inter
1341 2084 1405 2118 fila
1423 2084 1645 2120 subimmer-

115 2154 188 2187 sas,
214 2154 348 2187 nempe
374 2141 413 2176 in
439 2141 501 2176 filo
525 2141 692 2176 breviori
718 2141 939 2176 terminales
967 2141 1179 2177 observavi.

115 2309 328 2359 mxxxix.
367 2310 819 2361 HILDENBRANDTIA
859 2319 1022 2361 Nardo.
1053 2319 1098 2361 J.
1131 2318 1210 2373 Ay.
1251 2319 1322 2373 Sp.
1354 2319 1452 2373 Azy.
1475 2333 1521 2373 p.
1554 2320 1646 2361 493.

116 2434 252 2476 Frons
283 2440 507 2477 crustacea
537 2434 862 2477 horizontaliter
894 2447 1095 2486 expansa,
1131 2433 1333 2475 inferiore
1363 2434 1521 2487 pagina
1551 2448 1644 2476 arc-

227 2503 391 2545 tissime
423 2504 661 2551 adhaerens,
695 2503 916 2556 superiore
947 2501 1182 2551 fructifera,
1231 2502 1395 2543 cellulis
1431 2505 1644 2556 subaugu-

228 2573 502 2614 lato-cubicis
541 2574 585 2613 in
628 2572 766 2613 lineas
813 2569 1099 2612 horizontales
1131 2574 1174 2611 et
1203 2570 1426 2612 verticales
1475 2571 1644 2613 seriatis

229 2645 440 2682 contexta.
482 2639 762 2694 Cystocaoffla
793 2673 801 2680 .
834 2671 841 2678 .
876 2673 883 2680 .
916 2673 923 2679 .
967 2638 1280 2691 Splzsaerosporoe
1310 2638 1353 2678 in
1383 2639 1542 2691 cryptis
1574 2653 1644 2679 su-

228 2708 520 2762 perficialibus
550 2708 637 2749 late
668 2708 828 2761 apertis
868 2706 1144 2747 circumcirca
1175 2706 1403 2758 dispositae,
1437 2705 1643 2759 oblongae,

227 2779 344 2819 intra
381 2777 668 2831 perisporium
713 2776 934 2832 hyalinum
979 2779 1053 2816 aut
1099 2775 1322 2816 cruciatim
1353 2777 1429 2815 aut
1459 2775 1644 2816 zonatim

232 2846 546 2901 quadridivisae.
