1757 3114
148 180 152 189 ·
170 155 250 196 614
803 154 1107 195 WRANGELIEAE.
1474 156 1696 210 Lejolism.

282 267 364 308 tab.
388 268 468 309 LI.
491 266 620 320 Greff.
643 268 938 320 secmzd‘zflora.
970 266 1015 309 J.
1048 267 1128 320 Ay.
1164 268 1233 320 Sp.
1248 282 1295 320 p.
1318 269 1382 309 845.
1405 267 1542 309 Harv.
1570 267 1696 321 Phyc.

287 335 402 377 Brit.
434 335 515 376 tab.
551 335 641 375 185.
677 335 804 376 Kritz.
836 335 917 376 tab.
955 335 1086 387 Phyc.
1138 335 1225 376 Vol.
1268 335 1376 377 XII
1408 336 1489 377 tab.
1522 337 1586 376 22.
1619 336 1696 378 Gr.

283 404 502 457 cymiflora
536 403 665 444 Kate.
697 403 793 444 ihm.
825 403 901 444 Gr.
935 403 1131 454 {mastica
1165 404 1294 444 Kiitz.
1325 404 1420 444 ihm.
1452 404 1532 445 tab.
1564 405 1628 445 29.

334 483 383 523 In
413 481 724 523 mediterraneo
756 486 797 523 et
828 482 962 522 vicino
992 482 1198 523 atlantico
1230 483 1542 534 temperatiore.

262 574 479 617 Zanardiui,
505 573 568 617 qui
594 574 618 607 l.
646 585 678 617 c,
705 585 851 618 quoque
883 574 1029 608 iconem
1056 573 1162 607 dedit
1186 574 1279 607 rami
1307 573 1631 618 spliaerosporiferi
1658 575 1697 608 B.

172 631 423 674 Bimlerianae,
445 630 695 664 differentiam
716 631 901 674 quandam
927 629 965 663 in
992 629 1197 664 involucris
1225 629 1420 673 utriusque
1446 630 1585 674 speciei
1603 631 1697 665 indi-

174 688 284 731 cavit,
313 698 421 730 quam
448 687 529 731 ipse
556 687 690 721 saltem
716 699 790 721 non
817 699 922 730 {eque
949 686 1186 731 perspicuam
1213 686 1302 721 vidi.

174 794 210 832 3.
241 791 316 831 R?
350 789 672 830 MEREDITHIANA
702 789 768 842 (J.
802 790 882 843 Ay.
914 791 1060 845 mser.)
1080 789 1232 831 fronde
1256 790 1535 831 erectiuscula
1557 791 1700 832 dicho-

288 862 417 908 toma,
450 858 580 899 ramis
613 858 790 899 alternis
813 859 1074 899 abbreviatis
1096 858 1137 899 in
1160 858 1334 900 rachide
1356 859 1554 913 elongata
1575 861 1616 901 in
1638 860 1699 901 la-

287 930 356 967 tus
387 925 560 979 dejectis
581 926 731 967 eximie
753 926 962 979 pinnatim
985 926 1212 979 dispositis,
1235 927 1509 969 inferioribus
1531 928 1701 969 demum

285 994 604 1036 in'rachidibus
641 995 949 1048 principalibus
988 995 1213 1048 geminatis
1245 995 1502 1048 adparenter
1533 998 1701 1050 opposi-

287 1063 355 1114 tis7
386 1062 650 1116 ramulisque
682 1063 1009 1105 decurrentibus
1032 1063 1164 1104 nodos
1186 1064 1542 1117 conjungentibus
1564 1064 1702 1107 laxius

289 1132 488 1185 stuposis‚
520 1132 651 1172 ramis
673 1132 937 1186 ramulisque
958 1132 1153 1173 crassitie
1176 1133 1243 1174 vix
1264 1132 1488 1185 conspicue
1511 1132 1700 1184 diversis,

289 1199 481 1241 articulis
512 1199 791 1254 cylindraceis
823 1200 1033 1242 diametro
1066 1200 1247 1253 5—(5plo
1278 1200 1555 1254 longioribus,
1588 1200 1702 1243 sruc-

288 1268 426 1309 tiferis
460 1302 466 1309 .
501 1301 508 1308 .
541 1302 549 1309 .
582 1302 589 1309 .

368 1336 479 1378 Hab.
512 1336 566 1377 ad
599 1336 757 1378 Orford
790 1336 1028 1378 Tasmaniae
1061 1337 1170 1378 D:na
1201 1336 1426 1378 Mei-edith.

269 1428 419 1473 Species
448 1428 605 1472 pulchra
632 1432 670 1462 et
695 1431 736 1462 ut
769 1428 919 1463 videtur
957 1428 1261 1472 distinctissima,
1300 1430 1420 1472 quoad
1456 1440 1575 1474 genus
1613 1429 1704 1463 mihi

177 1486 329 1521 omnino
354 1485 513 1528 incerta,
541 1485 665 1519 sterili
690 1485 821 1530 planta
846 1488 994 1519 tautum
1019 1485 1212 1529 hucusque
1231 1487 1441 1520 observata.
1478 1485 1534 1519 Ob
1553 1489 1705 1520 conten-

178 1546 256 1577 tum
282 1542 528 1577 articulorum
555 1542 807 1577 exsiccatione
835 1543 1033 1577 admodum
1060 1545 1296 1577 contractum
1323 1543 1548 1577 Griffithsias
1568 1544 1706 1578 Borne-

179 1600 251 1634 tias
278 1603 342 1634 aut
366 1599 605 1645 Wrangelias
631 1599 762 1633 refert.
813 1598 1032 1634 Substantia
1064 1599 1215 1634 videtur
1241 1600 1410 1634 tenacior
1436 1603 1474 1634 et
1499 1600 1618 1645 magis
1644 1612 1707 1644 ge-

178 1656 354 1699 latinosa,
392 1668 501 1700 quam
538 1655 578 1689 in
614 1655 794 1690 Bornetia
831 1659 869 1690 et
906 1655 1123 1690 Griffithsiis
1163 1668 1293 1691 norma
1329 1656 1498 1700 adparet.
1546 1656 1708 1691 Inferior

178 1726 265 1759 pars
291 1713 437 1748 frondis
464 1714 720 1758 Wrangeliam
746 1713 971 1747 multifidam
997 1713 1075 1747 fere
1108 1715 1320 1757 aemulatur,
1359 1714 1551 1758 superiore
1588 1714 1708 1758 magis

180 1771 409 1806 Bornctiam.
458 1770 565 1805 Rami
593 1770 769 1804 laterales
796 1771 915 1805 multo
940 1771 1061 1815 magis
1089 1770 1330 1805 erectiusculi
1356 1782 1465 1814 quam
1491 1770 1529 1804 in
1556 1771 1596 1804 Β.
1622 1770 1708 1804 Bin-

182 1828 349 1863 deriana.

184 2004 312 2052 ssiu.
350 2005 607 2051 LEJOLISIA
645 2000 818 2043 Boruet.
844 2002 885 2042 in
908 2000 1022 2043 Ama.
1047 2000 1110 2043 Sc.
1137 2001 1239 2042 Nat.
1264 2000 1351 2044 Ser.
1375 2001 1406 2043 Ι
1417 2000 1461 2043 V.
1489 2002 1603 2043 Tom.
1627 2002 1710 2044 XI.

185 2121 319 2162 Frons
348 2118 562 2160 filiformis
594 2117 824 2159 articulata
854 2117 1190 2170 monosiphonia,
1213 2117 1294 2158 filis
1326 2118 1620 2160 radicantibus
1647 2120 1710 2160 in-

299 2188 530 2229 ordinatim
561 2187 740 2227 ramosis
772 2186 939 2239 filisque
984 2185 1257 2227 verticalibus
1303 2185 1566 2239 simplicibus
1612 2202 1710 2229 con-

300 2258 463 2299 stituta.
506 2255 599 2297 Fila
630 2255 850 2296 verticalia
880 2254 1071 2296 ramulos
1103 2255 1252 2296 breves
1284 2255 1526 2297 fructiferos
1557 2257 1711 2309 saepius

300 2326 515 2380 oppositos
561 2324 615 2365 ad
661 2324 780 2364 basin
827 2323 1075 2364 emittentia.
1141 2323 1409 2376 Tetrasporce
1454 2324 1496 2364 in
1534 2323 1712 2365 ramulis

299 2393 551 2436 lateralibus
582 2390 841 2439 terminales,
875 2390 1091 2443 morphosi
1120 2390 1284 2432 cellulae
1307 2391 1485 2444 apicalis
1506 2391 1711 2444 formatae,

301 2462 493 2503 obovatae
531 2460 656 2501 nudae
702 2458 999 2512 triangulatim
1044 2458 1199 2500 divisae.
1262 2458 1539 2512 Cystocaqpm
1569 2460 1612 2500 in
1643 2474 1712 2500 ra-

300 2529 416 2571 mulo
448 2527 620 2570 laterali
657 2527 914 2573 terminalia,
962 2526 1180 2579 morphosi
1225 2526 1388 2568 cellula}
1419 2527 1596 2580 apicalis
1627 2527 1713 2569 for-

304 2602 432 2643 mata,
480 2599 594 2639 intra
639 2597 926 2650 pericarpium
971 2595 1385 2648 ovato-sphaericum,
1432 2597 1713 2649 carpostomio

304 2666 474 2707 demum
513 2670 723 2719 apertum,
770 2677 919 2716 sporas
966 2661 1219 2717 pyriformes
1250 2678 1276 2704 a
1305 2663 1502 2717 placenta
1534 2664 1714 2707 centrali

303 2734 523 2775 radiantes
553 2733 750 2775 foventia.
811 2726 1116 2784 Pericarpium'
1134 2731 1312 2773 ramulis
1342 2732 1580 2773 articulatis
1608 2747 1713 2785 pau-

304 2803 364 2843 cis
385 2802 573 2855 gelatina
593 2801 898 2854 conglutinatis
920 2800 1210 2842 constitutum.
1241 2799 1494 2841 Antheridia
1512 2800 1713 2854 oblongo-

305 2870 462 2921 conica,
495 2870 681 2911 cuticula
711 2868 967 2921 obtectasin
998 2868 1176 2910 ramulis
1207 2868 1461 2911 terminalia.
