1757 3114
140 125 221 166 658
788 121 1055 163 CHONDRIEAE.
1409 119 1666 162 Laureneia.

230 234 322 271 Duae
340 236 450 280 hujus
478 235 630 268 exstant
653 233 800 274 formae:
826 244 899 266 una
924 243 1006 275 quae
1033 232 1080 266 ad
1104 231 1247 265 insulas
1273 231 1392 266 Indiae
1418 231 1665 266 occidentalis

140 294 280 338 saepius
307 293 474 335 obvenit,
502 303 521 325 a
545 291 694 335 Harvey
720 291 884 324 varietas
922 290 1175 332 considerata,
1200 289 1292 323 mihi
1319 289 1463 334 species
1490 288 1669 333 primaria

139 350 307 393 videtur3
335 351 491 384 alteram
516 348 683 382 ramellis
711 347 899 392 elongatis
937 346 1197 380 teretiusculis
1235 346 1450 391 praeditam,
1476 357 1496 379 a
1520 345 1669 390 Harvey

142 410 184 441 ut
208 407 365 441 formam
390 404 608 450 primariam
635 405 880 449 descriptam,
907 415 926 437 e
952 404 1033 437 loco
1059 402 1177 436 natali
1204 405 1395 447 arreptam
1414 403 1606 447 (caespites
1625 402 1669 436 li-

140 466 253 499 beros
279 465 382 498 laxos
410 464 449 497 in
475 462 629 497 sinubus
656 462 873 506 tranquillis
901 461 1167 504 efficienteniP)
1195 460 1377 504 suspicor.

142 556 206 597 31.
239 555 284 596 L.
316 568 564 596 BOTRYOIDES
596 555 754 609 (Turn.
803 554 919 596 Hz'st.
969 553 1071 595 Fue.
1117 553 1210 595 III
1225 566 1272 605 p.
1307 554 1399 606 104)
1431 566 1670 606 purpureo-

256 623 387 665 livida
417 637 609 675 carnosa,
640 623 791 664 fronde
829 621 1108 663 teretiuscula
1145 621 1326 662 distiche
1363 621 1670 674 decomposito-

255 705 437 741 ramosa,
469 691 601 732 ramis
632 691 787 744 saepius
820 690 998 731 alternis
1029 690 1278 742 patentibus
1308 689 1475 730 ambitu
1496 688 1670 730 sublan-

255 760 443 811 ceolatis,
475 760 667 813 apicibus
698 759 961 812 ramulisque
998 757 1509 811 verrucoso-botryoideis
1541 770 1673 810 supra

257 829 446 881 stipitem
477 828 769 882 angustiorem
806 827 1124 882 cylindraceum
1169 826 1326 867 conicis
1371 826 1547 876 obtusis,
1579 838 1672 865 ver-

255 897 368 938 rucis
400 897 586 950 globosis
618 896 929 950 marginalibus
961 898 1037 936 aut
1069 895 1239 936 demum
1269 894 1546 936 circumcirca
1567 892 1672 934 effu-

254 967 323 1017 sis,
356 966 575 1020 sporiferis
607 966 898 1008 conformibus
921 965 1241 1018 sphaerosporas
1262 966 1307 1005 in
1338 963 1526 1006 verrucis
1548 963 1672 1003 nidu-

254 1036 391 1077 lantes
415 1036 674 1089 gerentibus,
697 1034 961 1076 kerainidiis.
994 1068 1001 1075 .
1035 1067 1042 1075 .
1076 1068 1083 1075 .
1115 1033 1160 1075 J.
1194 1033 1275 1087 Ay.
1302 1032 1434 1086 Spp.
1460 1033 1550 1073 759.
1585 1031 1673 1073 Fu-

252 1119 324 1146 cus
358 1105 594 1158 botryoz'des
626 1104 762 1147 Gaul.
798 1105 928 1145 Kse't'ta:
958 1104 1041 1145 tab.
1079 1102 1211 1157 Phyc.
1257 1102 1343 1144 Vol.
1379 1101 1473 1144 XV
1501 1102 1584 1144 tab.
1606 1102 1672 1141 71.

254 1173 389 1215 Ηανυ.
426 1172 554 1227 Plzyc.
585 1177 719 1215 austr.
752 1173 834 1214 tab.
870 1173 961 1213 182.

407 1243 513 1285 Hab.
546 1244 601 1284 ad
631 1242 795 1284 Novam
826 1241 1104 1283 Hollandiam
1134 1241 1383 1282 australem.

232 1323 347 1357 Caute
384 1323 466 1357 haec
505 1322 648 1366 species
678 1333 697 1355 a
722 1322 833 1355 Laur.
873 1321 1051 1364 cruciata,
1089 1320 1209 1354 forma
1245 1319 1377 1363 fertili,
1416 1319 1674 1364 dignoscatur.

142 1380 233 1414 Haec
269 1380 383 1414 ramis
417 1379 613 1414 cruciatim
651 1379 939 1413 diverventibus
980 1389 1082 1423 szege
1120 1377 1306 1423 oppositis
1344 1377 1461 1418 (nunc
1499 1375 1675 1420 alternis)

141 1437 340 1480 instructa,
366 1437 481 1471 habet
506 1437 668 1470 ramulos
697 1447 796 1480 saepe
823 1446 929 1478 aeque
955 1446 1115 1478 crassos,
1142 1437 1181 1468 at
1204 1434 1326 1478 magis
1347 1434 1519 1468 clavatos
1539 1436 1577 1467 et
1594 1444 1678 1466 ver-

144 1495 244 1529 rucis
270 1507 401 1539 parum
428 1494 654 1539 prominulis
680 1493 805 1538 potius
832 1493 1064 1526 incrassatos
1090 1503 1199 1535 quam
1225 1490 1393 1526 verrucis
1432 1489 1676 1524 accumulatis

144 1553 399 1596 botryoideos.
448 1552 539 1586 Haec
575 1551 694 1586 forma
719 1551 761 1584 L.
800 1550 977 1584 cruciatae
1016 1549 1154 1594 saepius
1191 1560 1259 1593 pro
1297 1560 1387 1583 vera
1411 1548 1453 1583 L.
1479 1547 1677 1591 botryoide

146 1610 354 1654 venditata,
383 1621 452 1644 nec
478 1621 499 1642 a
522 1609 696 1652 Harveyo
722 1609 766 1642 ab
792 1606 904 1641 initio
929 1607 1046 1651 probe
1073 1605 1255 1640 distincta
1280 1605 1364 1640 fuit.

145 1726 374 1752 ******>Γ**
408 1726 579 1768 Fronde
608 1725 746 1766 sterili
776 1724 1059 1776 complanata,
1106 1723 1299 1764 deorsum
1344 1735 1453 1764 mmo
1497 1722 1680 1774 ancipite

260 1801 332 1838 aut
363 1796 617 1844 subeostata,
648 1809 675 1835 a
707 1795 897 1846 marffl'ne
926 1792 1256 1845 subreyulariter
1289 1790 1464 1833 disticho
1475 1792 1677 1843 pinnata,

257 1864 451 1917 pinnulis
496 1862 711 1904 sterilibus
755 1860 1271 1910 subclavato-linearibus,
1307 1873 1389 1901 sua
1422 1859 1680 1911 lonyitudme

261 1933 526 1974 latitudinem
555 1931 746 1972 raehidz's
777 1929 1113 1983 superantibus,
1138 1928 1368 1982 sporiferis
1414 1927 1680 1969 densioribus

263 1999 643 2053 subconformibus.
1377 1992 1389 2000 ”’

152 2093 216 2133 32.
248 2093 293 2133 L.
325 2104 534 2132 FLEonsA
564 2091 634 2144 (J.
665 2090 745 2142 Ay.
789 2090 860 2143 Sp.
907 2090 1004 2143 Aly.
1041 2104 1088 2142 p.
1135 2090 1236 2144 767)
1266 2100 1678 2142 purpureo-carnea,

264 2160 415 2201 fronde
461 2159 734 2212 complanata
779 2159 1073 2211 subpinnatim
1117 2157 1420 2210 decomposita,
1452 2157 1593 2209 pinnis
1638 2156 1681 2196 in

252 2227 442 2289 ‘rachide
472 2226 665 2268 flexuosa
696 2240 722 2267 a
751 2227 947 2278 margine
993 2226 1245 2267 exeuntibus
1290 2225 1483 2266 distichis
1529 2225 1682 2278 saepius

266 2296 456 2345 alternis,
487 2294 676 2348 pinnulis
707 2294 924 2335 sterilibus
946 2293 1236 2334 erectiusculis
1258 2292 1682 2334 clavato-linearibus

266 2366 310 2406 in
341 2363 518 2406 rachide
550 2362 872 2411 subflabellatis,
906 2360 1125 2415 sporiferis
1170 2362 1416 2415 aggregatis
1461 2361 1683 2415 corymbos

267 2433 421 2474 densos
452 2431 739 2473 formantibus
771 2431 1091 2484 sphaerosporas
1121 2429 1237 2471 infra
1257 2431 1422 2483 apicem
1443 2429 1487 2470 in
1507 2428 1683 2469 fasciam

266 2501 467 2541 collectas
496 2500 756 2554 gerentibus,
778 2497 1027 2540 keramidiis
1049 2498 1183 2539 ovatis
1204 2498 1247 2539 in
1268 2498 1426 2552 pagina
1446 2498 1684 2538 incrassata

268 2569 526 2623 aggregatis.
562 2568 613 2609 L.
636 2567 835 2620 flexuosa
870 2567 997 2607 Kritz.
1032 2564 1103 2617 Sp.
1126 2579 1173 2618 p.
1205 2566 1284 2606 856
1316 2564 1534 2620 (sterilis),
1579 2564 1683 2605 Tala.

273 2637 399 2690 Phyc.
443 2636 529 2678 Vol.
567 2635 664 2677 XV
689 2635 771 2676 tab.
804 2635 869 2675 68.
902 2634 953 2676 L.
986 2633 1209 2676 Ericoides
1243 2634 1371 2675 Karta.
1393 2633 1494 2675 ibid.
1516 2632 1599 2673 tab.
1631 2631 1683 2671 73

268 2706 372 2760 (fide
404 2719 512 2758 spec,
545 2718 596 2746 ex
627 2704 772 2745 eodem
803 2703 919 2745 fonte
949 2703 1246 2758 provenient).

248 2785 399 2829 Species
425 2784 469 2818 L.
497 2784 606 2818 elatae
632 2783 804 2828 proxima
828 2782 992 2826 videtur,
1019 2784 1143 2816 tamen
1178 2781 1302 2816 minus
1338 2780 1568 2826 regulariter
1603 2778 1685 2823 pin-

159 2844 246 2875 nata
273 2844 311 2875 ct
335 2841 404 2875 hoc
430 2843 605 2885 respectu
636 2840 681 2874 ad
708 2840 750 2874 L.
777 2838 1038 2884 pinnatifidam
1074 2839 1195 2883 magis
1232 2838 1408 2873 tendens.
1457 2836 1684 2871 Kcramidiis
