1757 3114
74 170 346 213 Galaoeama.
613 169 1113 212 HELMINTHOCLADIACEAE.
1523 172 1599 212 531

162 283 252 318 Haec
277 294 423 327 quoque
449 283 724 319 Lamourouxio
749 283 879 329 ignota
905 285 944 317 et
961 293 982 316 a
999 282 1209 318 Decaisneo
1234 281 1508 328 praetermissa3
1534 294 1603 317 nec

73 351 92 374 a
116 341 293 385 posteris,
321 341 351 374 si
378 341 466 384 quid
493 341 615 386 video,
640 344 858 377 memorata.

72 423 122 465 G.
153 423 435 465 LICHENOIDES
467 424 666 478 (Solaml.
698 425 744 466 in
776 423 894 466 Ellis
918 437 963 476 p.
997 423 1075 463 11ss
1107 423 1188 465 tab.
1211 423 1350 478 22fi9.
1382 423 1426 476 8)
1458 422 1603 464 dicho-

184 496 301 533 toma
331 493 463 534 ramis
494 493 706 534 continuis
743 491 1062 546 rugosiusculis,
1095 505 1278 545 superne
1309 490 1604 546 complanatis.

186 561 388 604 Lamour.
422 562 539 604 Hessst.
563 577 607 616 p.
642 563 736 603 265.

336 630 401 671 Ad
433 630 600 672 Insulas
633 630 837 672 Bahama.

163 709 315 754 Species
343 722 362 744 a
387 710 662 745 Lamourouxio
700 710 926 745 auctoritate
965 709 1091 744 Ellisii
1124 714 1346 755 memorata,
1373 723 1394 746 a
1418 712 1602 746 Decaisne

73 765 224 801 silentio
256 767 516 811 praetermissa
540 767 624 801 fuit.
675 767 841 812 Kiitzing
867 767 934 801 sub
962 766 1094 801 eodem
1130 768 1280 802 nomine
1308 769 1346 802 in
1374 768 1460 803 Tala.
1489 768 1602 813 Phyc.

79 823 156 858 Vol.
190 823 297 857 VIII
317 824 390 859 tab.
416 825 458 857 32
484 824 677 868 specimen
704 835 750 858 ex
783 823 891 858 India
917 822 1144 858 occidentali
1171 824 1358 869 depinxit.
1392 824 1605 870 Specimina

72 879 243 923 quaedam
281 879 447 914 demissa
472 880 515 914 L.
541 891 691 925 rugosae
718 879 810 924 vidi,
837 892 918 924 quae
944 879 983 914 in
1020 880 1167 915 iconem
1206 881 1332 916 Ellisii
1370 881 1470 916 haud
1505 883 1603 916 male

71 937 222 971 cadunt.
271 938 330 971 An
355 940 506 971 tantum
530 937 640 982 hujus
667 940 770 972 esset
795 936 937 972 forma?

71 1020 120 1060 G.
153 1019 371 1061 JANIOIDES
404 1021 628 1072 (Lamour.
661 1020 779 1063 Hist.
801 1035 848 1074 p.
882 1021 983 1076 265)
1022 1020 1218 1062 caulibus
1258 1022 1503 1075 caespitosis,
1536 1035 1603 1062 ra-

184 1090 263 1130 mis
295 1089 552 1132 dichotomis
583 1089 869 1142 filiformibus,
901 1090 1127 1144 paul-ulum
1159 1090 1412 1132 articulatis.

334 1157 618 1200 Australasia.

160 1238 254 1272 Mihi
280 1239 432 1274 omnino
458 1240 629 1274 obscura.

71 1318 171 1360 GAL.
204 1333 402 1361 DISTENTA
433 1320 589 1372 (Harv.
621 1320 718 1375 Azy.
760 1320 938 1374 Wriyht.
970 1333 1039 1362 mo
1070 1321 1144 1377 28)
1175 1320 1326 1363 fronde
1358 1321 1476 1363 tenui
1504 1322 1603 1363 sub-

183 1401 429 1442 compressa
459 1390 663 1431 continua
693 1389 830 1431 nitida
861 1389 1146 1442 decomposite
1192 1390 1438 1432 ‹lichotoma
1482 1390 1603 1433 fasti-

183 1458 313 1509 giata,
347 1457 512 1500 laciniis
543 1458 658 1500 infra
688 1457 842 1501 axillas
880 1458 1276 1501 cuneato-dilatatis
1309 1460 1602 1514 complanatis,

183 1526 325 1568 axillis
358 1527 533 1576 obtusis,
565 1527 759 1581 apicibus
791 1526 1006 1580 perfossis.

334 1595 369 1636 E
403 1596 513 1636 mari
543 1594 762 1649 Japonico.

1408 2980 1470 3017 34*
