1762 3036
106 74 130 113 2
747 68 985 110 CERAMIEAE.

105 185 283 237 inclusa,
315 187 360 227 in
392 183 698 226 Callithamnio
745 181 1062 223 evidentissime
1102 182 1201 223 vidi.
1262 181 1369 224 Cum
1407 182 1474 223 his
1505 186 1649 223 tamen

106 254 223 295 haud
255 254 416 294 dictum
450 252 565 293 volui
609 253 757 303 partes
802 250 919 290 intra
965 249 1164 291 cellulam
1210 251 1477 292 matricalem
1530 249 1649 291 nullo

106 326 223 364 certo
255 322 405 363 ordine
450 320 572 371 oriri:
620 320 736 359 intra
780 318 917 371 ipsam
964 318 1163 359 cellulam
1208 318 1478 360 matricalem
1525 320 1650 372 quasi

107 391 295 444 prolepsi
327 389 528 443 quadam,
561 392 708 441 partes
755 386 905 428 ordine
952 392 1070 429 certo
1118 387 1265 437 evolvi,
1297 388 1471 430 credere
1502 387 1649 429 forsan

106 459 245 500 liceat.
287 459 337 499 In
359 457 602 511 Polycoelia
633 456 999 497 evidentissimum
1023 457 1231 497 habemus
1254 457 1497 511 exemplum
1520 456 1650 498 telam

105 527 355 569 cellularem
387 526 667 579 compositam
697 525 814 566 intra
845 524 1023 566 cellulas
1063 523 1256 578 singulas
1288 526 1403 576 oriri,
1436 530 1478 566 et
1499 539 1651 579 sporas

106 599 341 649 quaternas
373 595 490 636 intra
521 592 720 634 cellulam
753 593 1020 634 matricalem
1051 592 1232 634 formari
1264 594 1462 635 omnibus
1491 598 1556 635 est
1577 608 1650 636 no-

105 664 331 705 tissimum.

218 733 254 772 A
286 732 512 785 superficie
544 731 642 771 visae
674 729 815 771 nuclei
847 735 994 783 partes
1026 731 1151 784 quasi
1190 730 1361 772 omnino
1393 730 1650 771 inordinatae

106 801 221 841 intra
252 800 547 840 membranam
570 798 827 839 exteriorem
858 798 1078 852 hyalinam
1111 799 1360 845 obveniant3
1394 797 1543 839 nucleo
1575 811 1651 839 au-

105 874 191 910 tem
222 868 407 909 feliciter
439 871 553 908 36010
586 871 661 907 aut
693 880 938 920 compresso
969 871 1116 920 partes
1148 867 1376 908 interiores
1407 870 1524 907 certo
1547 880 1652 920 quo-

105 938 206 978 dam
238 938 388 979 ordine
420 937 652 990 dispositae,
687 936 811 989 quasi
843 950 869 977 a
900 935 1082 977 centrali
1122 940 1280 989 puncto
1311 935 1544 986 radiantes,
1578 938 1654 975 aut

105 1006 226 1047 lobos
258 1006 354 1059 plus
386 1006 525 1046 minus
557 1003 822 1053 3111)(11111303,ς
853 1003 947 1059 fere⁴
981 1003 1271 1045 fasciculatim
1311 1007 1527 1053 exeuntes,
1566 1003 1653 1044 for-

106 1079 273 1115 mantes
306 1074 560 1126 adpareant.
601 1072 759 1113 Utrum
789 1072 986 1113 fasciculi
1014 1071 1174 1125 plures,
1198 1072 1273 1113 ubi
1295 1072 1453 1122 adsint,
1486 1071 1654 1112 cellulis

107 1142 289 1195 singulis
321 1142 549 1183 subdivisis
581 1141 793 1192 oriantur,
833 1154 889 1181 an
919 1140 1086 1181 cellulis
1118 1140 1415 1181 matricalibus
1454 1139 1653 1193 pluribus

106 1210 445 1251 coalescentibus
478 1209 636 1250 sensim
668 1209 935 1262 proveniant„
967 1208 1111 1250 dicere
1144 1223 1228 1249 non
1259 1208 1411 1249 ausim.

219 1278 335 1319 Duos
367 1278 551 1327 ordines⁷
591 1277 743 1319 fronde
782 1277 1015 1318 articulata
1053 1282 1130 1318 aut
1166 1276 1446 1318 inarticulata
1484 1276 1654 1318 facilius

108 1347 348 1399 distinctos,
382 1346 789 1401 Gongylospermeis
821 1346 974 1388 refero.

501 1497 665 1566 οιιιιο
715 1498 755 1565 ι.
853 1443 1258 1566 camum.

485 1600 531 1642 J.
565 1600 648 1652 Αῃ.
684 1599 757 1653 Sp.
789 1599 887 1653 Aly.
931 1599 1020 1641 Vol.
1053 1599 1122 1641 ΙΙ.
1145 1613 1194 1651 1).
1227 1603 1262 1640 1.

220 1680 338 1734 Algae
371 1681 612 1723 articulatae
644 1681 994 1735 monosiphoniae,
1036 1680 1159 1721 nudae
1197 1684 1274 1721 aut
1312 1684 1448 1721 strato
1479 1678 1654 1720 cellula-

106 1763 202 1789 rum
234 1749 392 1790 sensim
425 1749 595 1791 evoluto
627 1750 861 1800 corticatae,
893 1749 1067 1791 fibrisve
1101 1748 1365 1790 radicalibus
1387 1748 1657 1790 decurrenti-

106 1818 187 1859 bus
227 1818 421 1865 obtectae,
470 1818 644 1860 demum
691 1816 1043 1872 quandoquidem
1089 1815 1317 1858 cellulosae.
1378 1814 1658 1871 Cystocarpia

107 1884 318 1941 (favellae)
350 1890 540 1938 externa,
590 1886 708 1927 nuda
749 1884 994 1927 famellisve
1026 1884 1310 1935 involucrata,
1349 1884 1475 1938 quasi
1505 1883 1657 1925 nucleo

109 1954 223 1995 nudo
255 1955 510 2006 constituta3
543 1955 721 1996 nucleus
753 1968 873 1995 ramo
905 1953 1104 2003 adnatus‚
1143 1953 1268 2006 quasi
1304 1952 1473 1994 ramulo
1510 1952 1657 1993 imme-

108 2023 224 2064 diate
256 2023 566 2065 transformato
614 2028 748 2074 ortus,
794 2021 1157 2075 simpliciusculus
1203 2025 1280 2062 aut
1324 2021 1510 2069 lobatus,
1548 2020 1657 2061 lobis

107 2091 205 2144 plus
245 2092 385 2132 minus
431 2092 597 2133 coalitis
642 2091 921 2137 constitutus;
969 2089 1203 2142 gemmidia
1246 2090 1405 2132 iterata
1451 2088 1657 2130 divisione

108 2160 223 2199 intra
253 2159 453 2200 cellulam
484 2159 754 2201 matricalem
801 2164 908 2210 orta,
956 2159 1128 2200 demum
1169 2158 1356 2211 plurima
1400 2157 1657 2199 rotundato-

108 2227 317 2280 angulata
347 2227 465 2269 nullo
499 2229 649 2270 ordine
681 2229 912 2282 conspicuo
944 2227 1204 2281 conglobata
1235 2230 1311 2267 aut
1342 2225 1656 2276 subradiantia,

108 2297 223 2337 intra
254 2297 499 2349 periderma
529 2297 748 2352 hyalinum
783 2297 1071 2351 gelatinosum
1093 2295 1295 2337 cohibita.
1336 2293 1656 2348 Sphaerosporae

110 2364 227 2404 varie
259 2364 419 2406 divisae.

223 2432 314 2482 Quo
347 2447 475 2474 sensu
506 2443 549 2474 et
586 2434 752 2475 ambitu
784 2432 1031 2474 Ceramieas
1077 2433 1120 2473 in
1167 2430 1399 2484 Speciebus
1447 2429 1657 2483 Algarum

111 2503 241 2540 antea
264 2502 456 2554 exposui,
490 2502 639 2543 eodem
671 2503 820 2555 paucis
851 2502 1030 2543 mutatis
1061 2499 1189 2541 hodie
1221 2499 1416 2540 ordinem
1447 2497 1658 2551 adoptan-

111 2567 213 2608 dum
237 2582 400 2610 censeo.
461 2570 755 2623 Disponantur
787 2570 921 2624 igitur
951 2582 1126 2623 genera:

112 2706 312 2755 TRIBUS
347 2707 382 2756 l.
454 2708 916 2759 GALLITHAMNIEAE.
997 2718 1319 2773 Sphaerosporis
1370 2716 1655 2759 transforma-

225 2785 340 2825 tione
373 2787 525 2826 ramuli
558 2792 632 2828 aut
663 2788 836 2829 articuli
868 2788 1027 2841 integri
1057 2788 1276 2829 formatis:
