<?xml version="1.0" encoding="UTF-8"?>
<!DOCTYPE html PUBLIC "-//W3C//DTD XHTML 1.0 Transitional//EN"
    "http://www.w3.org/TR/xhtml1/DTD/xhtml1-transitional.dtd">
<html xmlns="http://www.w3.org/1999/xhtml" xml:lang="en" lang="en">
 <head>
  <title>
</title>
<meta http-equiv="Content-Type" content="text/html;charset=utf-8" />
  <meta name='ocr-system' content='tesseract 3.04.00' />
  <meta name='ocr-capabilities' content='ocr_page ocr_carea ocr_par ocr_line ocrx_word'/>
</head>
<body>
  <div class='ocr_page' id='page_1' title='image "./speciesgeneraeto0301agar_0180.png"; bbox 0 0 1762 3036; ppageno 0'>
   <div class='ocr_carea' id='block_1_1' title="bbox 147 95 1677 154">
    <p class='ocr_par' dir='ltr' id='par_1_1' title="bbox 147 95 1677 154">
     <span class='ocr_line' id='line_1_1' title="bbox 147 95 1677 154; baseline 0.003 -18"><span class='ocrx_word' id='word_1_1' title='bbox 147 98 161 137; x_wconf 86' lang='lat'>1</span> <span class='ocrx_word' id='word_1_2' title='bbox 173 97 227 137; x_wconf 76' lang='lat'>64</span> <span class='ocrx_word' id='word_1_3' title='bbox 700 95 1095 140; x_wconf 76' lang='lat' dir='ltr'><strong>CRYPTONEMIACEAE.</strong></span> <span class='ocrx_word' id='word_1_4' title='bbox 1365 99 1677 154; x_wconf 67' lang='lat' dir='ltr'>Cryptmwmia.</span> 
     </span>
    </p>
   </div>
   <div class='ocr_carea' id='block_1_2' title="bbox 251 206 1684 605">
    <p class='ocr_par' dir='ltr' id='par_1_2' title="bbox 251 206 1684 605">
     <span class='ocr_line' id='line_1_2' title="bbox 257 206 1681 265; baseline 0.004 -16"><span class='ocrx_word' id='word_1_5' title='bbox 257 222 390 262; x_wconf 84' lang='lat' dir='ltr'>supra</span> <span class='ocrx_word' id='word_1_6' title='bbox 428 208 580 250; x_wconf 80' lang='lat' dir='ltr'>axillas</span> <span class='ocrx_word' id='word_1_7' title='bbox 625 211 881 253; x_wconf 87' lang='lat' dir='ltr'>rotundatas</span> <span class='ocrx_word' id='word_1_8' title='bbox 927 206 1175 265; x_wconf 86' lang='lat' dir='ltr'>patentibus</span> <span class='ocrx_word' id='word_1_9' title='bbox 1223 213 1681 265; x_wconf 87' lang='lat' dir='ltr'>cuneato-linearibus,</span> 
     </span>
     <span class='ocr_line' id='line_1_3' title="bbox 258 278 1683 335; baseline 0.004 -17"><span class='ocrx_word' id='word_1_10' title='bbox 258 278 568 332; x_wconf 79' lang='lat' dir='ltr'>sphaerosporis</span> <span class='ocrx_word' id='word_1_11' title='bbox 600 278 644 319; x_wconf 89' lang='lat' dir='ltr'>in</span> <span class='ocrx_word' id='word_1_12' title='bbox 676 293 822 321; x_wconf 87' lang='lat' dir='ltr'>sorum</span> <span class='ocrx_word' id='word_1_13' title='bbox 852 279 967 321; x_wconf 84' lang='lat' dir='ltr'>infra</span> <span class='ocrx_word' id='word_1_14' title='bbox 998 281 1140 334; x_wconf 77' lang='lat' dir='ltr'>apices</span> <span class='ocrx_word' id='word_1_15' title='bbox 1182 285 1502 335; x_wconf 84' lang='lat' dir='ltr'>segmentorum</span> <span class='ocrx_word' id='word_1_16' title='bbox 1533 286 1683 323; x_wconf 87' lang='lat' dir='ltr'>rotun-</span> 
     </span>
     <span class='ocr_line' id='line_1_4' title="bbox 258 345 1684 402; baseline 0.003 -16"><span class='ocrx_word' id='word_1_17' title='bbox 258 346 408 387; x_wconf 87' lang='lat' dir='ltr'>datum</span> <span class='ocrx_word' id='word_1_18' title='bbox 442 345 643 397; x_wconf 81' lang='lat' dir='ltr'>collectis,</span> <span class='ocrx_word' id='word_1_19' title='bbox 676 349 955 402; x_wconf 77' lang='lat' dir='ltr'>eystocarpiis</span> <span class='ocrx_word' id='word_1_20' title='bbox 983 349 1026 389; x_wconf 91' lang='lat' dir='ltr'>in</span> <span class='ocrx_word' id='word_1_21' title='bbox 1050 363 1195 390; x_wconf 83' lang='lat' dir='ltr'>sorum</span> <span class='ocrx_word' id='word_1_22' title='bbox 1217 349 1563 392; x_wconf 86' lang='lat' dir='ltr'>subconformem</span> <span class='ocrx_word' id='word_1_23' title='bbox 1585 364 1684 392; x_wconf 83' lang='lat' dir='ltr'>con-</span> 
     </span>
     <span class='ocr_line' id='line_1_5' title="bbox 251 414 1680 472; baseline 0.004 -18"><span class='ocrx_word' id='word_1_24' title='bbox 251 414 426 466; x_wconf 78' lang='lat' dir='ltr'>junctis.</span> <span class='ocrx_word' id='word_1_25' title='bbox 473 414 713 467; x_wconf 67' lang='lat' dir='ltr'>Acropeltt&#39;s</span> <span class='ocrx_word' id='word_1_26' title='bbox 749 416 1036 470; x_wconf 67' lang='lat' dir='ltr'>phyllophora</span> <span class='ocrx_word' id='word_1_27' title='bbox 1078 417 1216 459; x_wconf 67' lang='lat' dir='ltr'>Ham).</span> <span class='ocrx_word' id='word_1_28' title='bbox 1257 417 1282 458; x_wconf 81' lang='lat' dir='ltr'>Z.</span> <span class='ocrx_word' id='word_1_29' title='bbox 1314 432 1345 459; x_wconf 78' lang='lat' dir='ltr'>c.</span> <span class='ocrx_word' id='word_1_30' title='bbox 1382 418 1513 472; x_wconf 66' lang='lat' dir='ltr'>Plzye.</span> <span class='ocrx_word' id='word_1_31' title='bbox 1547 423 1680 460; x_wconf 71' lang='lat' dir='ltr'>austr.</span> 
     </span>
     <span class='ocr_line' id='line_1_6' title="bbox 257 481 1684 540; baseline 0.004 -17"><span class='ocrx_word' id='word_1_32' title='bbox 257 483 338 523; x_wconf 71' lang='grc' dir='ltr'><em>ΐαῖ).</em></span> <span class='ocrx_word' id='word_1_33' title='bbox 386 483 478 523; x_wconf 70' lang='lat'>283.</span> <span class='ocrx_word' id='word_1_34' title='bbox 527 481 703 525; x_wconf 84' lang='lat' dir='ltr'>Cellulae</span> <span class='ocrx_word' id='word_1_35' title='bbox 746 485 907 526; x_wconf 77' lang='lat' dir='ltr'>intimae</span> <span class='ocrx_word' id='word_1_36' title='bbox 955 485 1081 526; x_wconf 85' lang='lat' dir='ltr'>strati</span> <span class='ocrx_word' id='word_1_37' title='bbox 1127 485 1344 527; x_wconf 81' lang='lat' dir='ltr'>corticalis</span> <span class='ocrx_word' id='word_1_38' title='bbox 1391 487 1608 540; x_wconf 76' lang='lat' dir='ltr'>angulatae</span> <span class='ocrx_word' id='word_1_39' title='bbox 1640 491 1684 528; x_wconf 88' lang='lat' dir='ltr'>et</span> 
     </span>
     <span class='ocr_line' id='line_1_7' title="bbox 256 545 1341 605; baseline 0.003 -13"><span class='ocrx_word' id='word_1_40' title='bbox 256 551 454 605; x_wconf 82' lang='lat' dir='ltr'>majores.</span> <span class='ocrx_word' id='word_1_41' title='bbox 1335 545 1341 551; x_wconf 60' lang='grc'><strong>’</strong></span> 
     </span>
    </p>
   </div>
   <div class='ocr_carea' id='block_1_3' title="bbox 256 644 1685 757">
    <p class='ocr_par' dir='ltr' id='par_1_3' title="bbox 256 644 1685 757">
     <span class='ocr_line' id='line_1_8' title="bbox 256 644 1685 705; baseline 0.003 -21"><span class='ocrx_word' id='word_1_42' title='bbox 256 644 364 686; x_wconf 84' lang='lat' dir='ltr'>Hab.</span> <span class='ocrx_word' id='word_1_43' title='bbox 398 644 452 685; x_wconf 88' lang='lat' dir='ltr'>ad</span> <span class='ocrx_word' id='word_1_44' title='bbox 484 645 587 687; x_wconf 78' lang='lat' dir='ltr'>Nov.</span> <span class='ocrx_word' id='word_1_45' title='bbox 621 645 900 697; x_wconf 82' lang='lat' dir='ltr'>Hollandiam</span> <span class='ocrx_word' id='word_1_46' title='bbox 940 647 1247 690; x_wconf 80' lang='lat' dir='ltr'>occidentalem</span> <span class='ocrx_word' id='word_1_47' title='bbox 1284 649 1387 704; x_wconf 85' lang='lat' dir='ltr'>(sec.</span> <span class='ocrx_word' id='word_1_48' title='bbox 1419 649 1611 705; x_wconf 85' lang='lat' dir='ltr'>Harvey)</span> <span class='ocrx_word' id='word_1_49' title='bbox 1643 652 1685 690; x_wconf 88' lang='lat' dir='ltr'>et</span> 
     </span>
     <span class='ocr_line' id='line_1_9' title="bbox 409 715 660 757; baseline 0.008 -2"><span class='ocrx_word' id='word_1_50' title='bbox 409 715 660 757; x_wconf 84' lang='lat' dir='ltr'>australem.</span> 
     </span>
    </p>
   </div>
   <div class='ocr_carea' id='block_1_4' title="bbox 141 817 1686 1426">
    <p class='ocr_par' dir='ltr' id='par_1_4' title="bbox 141 817 1686 1354">
     <span class='ocr_line' id='line_1_10' title="bbox 141 817 1685 878; baseline 0.003 -20"><span class='ocrx_word' id='word_1_51' title='bbox 141 820 178 859; x_wconf 85' lang='lat'>7.</span> <span class='ocrx_word' id='word_1_52' title='bbox 212 817 282 859; x_wconf 73' lang='lat' dir='ltr'>Ca.</span> <span class='ocrx_word' id='word_1_53' title='bbox 316 832 529 861; x_wconf 72' lang='lat' dir='ltr'>DECIPIENS</span> <span class='ocrx_word' id='word_1_54' title='bbox 562 820 724 875; x_wconf 70' lang='lat' dir='ltr'>(Harv.</span> <span class='ocrx_word' id='word_1_55' title='bbox 763 821 892 875; x_wconf 64' lang='lat' dir='ltr'><strong><em>Phys.</em></strong></span> <span class='ocrx_word' id='word_1_56' title='bbox 924 825 1060 864; x_wconf 61' lang='lat' dir='ltr'>(castr.</span> <span class='ocrx_word' id='word_1_57' title='bbox 1095 822 1304 878; x_wconf 58' lang='grc'>11111289)</span> <span class='ocrx_word' id='word_1_58' title='bbox 1336 821 1487 864; x_wconf 81' lang='lat' dir='ltr'>fronde</span> <span class='ocrx_word' id='word_1_59' title='bbox 1518 821 1685 863; x_wconf 83' lang='lat' dir='ltr'>inferne</span> 
     </span>
     <span class='ocr_line' id='line_1_11' title="bbox 256 887 1684 944; baseline 0.002 -16"><span class='ocrx_word' id='word_1_60' title='bbox 256 887 525 930; x_wconf 85' lang='lat' dir='ltr'>caulescente</span> <span class='ocrx_word' id='word_1_61' title='bbox 558 888 830 931; x_wconf 78' lang='lat' dir='ltr'>subfilifomii</span> <span class='ocrx_word' id='word_1_62' title='bbox 863 894 913 931; x_wconf 80' lang='lat' dir='ltr'>et‘</span> <span class='ocrx_word' id='word_1_63' title='bbox 936 904 1106 932; x_wconf 80' lang='lat' dir='ltr'>sursum</span> <span class='ocrx_word' id='word_1_64' title='bbox 1137 889 1307 944; x_wconf 85' lang='lat' dir='ltr'>longius</span> <span class='ocrx_word' id='word_1_65' title='bbox 1339 894 1506 933; x_wconf 86' lang='lat' dir='ltr'>costata</span> <span class='ocrx_word' id='word_1_66' title='bbox 1537 891 1684 932; x_wconf 91' lang='lat' dir='ltr'>dicho-</span> 
     </span>
     <span class='ocr_line' id='line_1_12' title="bbox 255 958 1684 1013; baseline 0.002 -15"><span class='ocrx_word' id='word_1_67' title='bbox 255 958 663 1010; x_wconf 86' lang='lat' dir='ltr'>tomo—pinnatifida,</span> <span class='ocrx_word' id='word_1_68' title='bbox 696 960 929 1012; x_wconf 78' lang='lat' dir='ltr'>segmentis</span> <span class='ocrx_word' id='word_1_69' title='bbox 962 960 1259 1013; x_wconf 86' lang='lat' dir='ltr'>superioribus</span> <span class='ocrx_word' id='word_1_70' title='bbox 1291 960 1489 1002; x_wconf 88' lang='lat' dir='ltr'>omnibus</span> <span class='ocrx_word' id='word_1_71' title='bbox 1519 959 1590 1001; x_wconf 86' lang='lat' dir='ltr'>ala</span> <span class='ocrx_word' id='word_1_72' title='bbox 1610 959 1684 1001; x_wconf 89' lang='lat' dir='ltr'>de-</span> 
     </span>
     <span class='ocr_line' id='line_1_13' title="bbox 259 1027 1685 1079; baseline 0.002 -13"><span class='ocrx_word' id='word_1_73' title='bbox 259 1030 459 1067; x_wconf 88' lang='lat' dir='ltr'>currente</span> <span class='ocrx_word' id='word_1_74' title='bbox 517 1027 825 1069; x_wconf 86' lang='lat' dir='ltr'>sub—continua</span> <span class='ocrx_word' id='word_1_75' title='bbox 870 1028 1023 1069; x_wconf 80' lang='lat' dir='ltr'>lineari</span> <span class='ocrx_word' id='word_1_76' title='bbox 1069 1027 1395 1079; x_wconf 84' lang='lat' dir='ltr'>confluentibus,</span> <span class='ocrx_word' id='word_1_77' title='bbox 1440 1027 1597 1070; x_wconf 86' lang='lat' dir='ltr'>infimis</span> <span class='ocrx_word' id='word_1_78' title='bbox 1642 1030 1685 1069; x_wconf 91' lang='lat' dir='ltr'>in</span> 
     </span>
     <span class='ocr_line' id='line_1_14' title="bbox 257 1094 1686 1150; baseline 0.002 -15"><span class='ocrx_word' id='word_1_79' title='bbox 257 1094 449 1146; x_wconf 76' lang='lat' dir='ltr'>stipitem</span> <span class='ocrx_word' id='word_1_80' title='bbox 482 1096 697 1136; x_wconf 74' lang='lat' dir='ltr'>cuneatim</span> <span class='ocrx_word' id='word_1_81' title='bbox 730 1096 980 1146; x_wconf 86' lang='lat' dir='ltr'>attenuatis,</span> <span class='ocrx_word' id='word_1_82' title='bbox 1014 1097 1246 1149; x_wconf 83' lang='lat' dir='ltr'>segmentis</span> <span class='ocrx_word' id='word_1_83' title='bbox 1278 1110 1411 1150; x_wconf 87' lang='lat' dir='ltr'>supra</span> <span class='ocrx_word' id='word_1_84' title='bbox 1432 1096 1585 1138; x_wconf 83' lang='lat' dir='ltr'>axillas</span> <span class='ocrx_word' id='word_1_85' title='bbox 1616 1111 1686 1138; x_wconf 91' lang='lat' dir='ltr'>ro-</span> 
     </span>
     <span class='ocr_line' id='line_1_15' title="bbox 254 1163 1684 1220; baseline 0.003 -17"><span class='ocrx_word' id='word_1_86' title='bbox 254 1163 462 1204; x_wconf 89' lang='lat' dir='ltr'>tundatas</span> <span class='ocrx_word' id='word_1_87' title='bbox 510 1165 756 1217; x_wconf 86' lang='lat' dir='ltr'>patentibus</span> <span class='ocrx_word' id='word_1_88' title='bbox 802 1164 1253 1217; x_wconf 82' lang='lat' dir='ltr'>cuneato-linearibus,</span> <span class='ocrx_word' id='word_1_89' title='bbox 1293 1166 1604 1220; x_wconf 78' lang='lat' dir='ltr'>sphaerosporis</span> <span class='ocrx_word' id='word_1_90' title='bbox 1641 1167 1684 1207; x_wconf 86' lang='lat' dir='ltr'>in</span> 
     </span>
     <span class='ocr_line' id='line_1_16' title="bbox 254 1233 1684 1290; baseline 0.002 -16"><span class='ocrx_word' id='word_1_91' title='bbox 254 1246 401 1274; x_wconf 89' lang='lat' dir='ltr'>sorum</span> <span class='ocrx_word' id='word_1_92' title='bbox 433 1233 836 1287; x_wconf 81' lang='lat' dir='ltr'>intramarginalein</span> <span class='ocrx_word' id='word_1_93' title='bbox 885 1233 1000 1275; x_wconf 86' lang='lat' dir='ltr'>infra</span> <span class='ocrx_word' id='word_1_94' title='bbox 1045 1235 1187 1288; x_wconf 85' lang='lat' dir='ltr'>apices</span> <span class='ocrx_word' id='word_1_95' title='bbox 1233 1234 1435 1285; x_wconf 76' lang='lat' dir='ltr'>collectis,</span> <span class='ocrx_word' id='word_1_96' title='bbox 1469 1238 1684 1290; x_wconf 85' lang='lat' dir='ltr'>cystocar-</span> 
     </span>
     <span class='ocr_line' id='line_1_17' title="bbox 258 1301 507 1354; baseline 0 -12"><span class='ocrx_word' id='word_1_97' title='bbox 258 1301 340 1354; x_wconf 80' lang='lat' dir='ltr'>piis</span> <span class='ocrx_word' id='word_1_98' title='bbox 373 1336 381 1343; x_wconf 90' lang='lat'><strong>.</strong></span> <span class='ocrx_word' id='word_1_99' title='bbox 415 1333 423 1340; x_wconf 88' lang='lat'><strong>.</strong></span> <span class='ocrx_word' id='word_1_100' title='bbox 458 1334 465 1341; x_wconf 92' lang='lat'><em>.</em></span> <span class='ocrx_word' id='word_1_101' title='bbox 500 1336 507 1342; x_wconf 94' lang='lat'><em>.</em></span> 
     </span>
    </p>

    <p class='ocr_par' dir='ltr' id='par_1_5' title="bbox 406 1381 1502 1426">
     <span class='ocr_line' id='line_1_18' title="bbox 406 1381 1502 1426; baseline 0.004 -4"><span class='ocrx_word' id='word_1_102' title='bbox 406 1381 515 1423; x_wconf 88' lang='lat' dir='ltr'>Hab.</span> <span class='ocrx_word' id='word_1_103' title='bbox 549 1382 604 1423; x_wconf 89' lang='lat' dir='ltr'>ad</span> <span class='ocrx_word' id='word_1_104' title='bbox 637 1396 735 1423; x_wconf 83' lang='lat' dir='ltr'>oras</span> <span class='ocrx_word' id='word_1_105' title='bbox 767 1383 1054 1425; x_wconf 74' lang='lat' dir='ltr'>occidentales</span> <span class='ocrx_word' id='word_1_106' title='bbox 1086 1384 1215 1426; x_wconf 79' lang='lat' dir='ltr'>Novae</span> <span class='ocrx_word' id='word_1_107' title='bbox 1247 1384 1502 1426; x_wconf 83' lang='lat' dir='ltr'>Hollandiae.</span> 
     </span>
    </p>
   </div>
   <div class='ocr_carea' id='block_1_5' title="bbox 140 1460 1685 2025">
    <p class='ocr_par' dir='ltr' id='par_1_6' title="bbox 140 1460 1685 2025">
     <span class='ocr_line' id='line_1_19' title="bbox 232 1460 1684 1510; baseline 0.002 -17"><span class='ocrx_word' id='word_1_108' title='bbox 232 1460 488 1494; x_wconf 87' lang='lat' dir='ltr'>Antecedenti</span> <span class='ocrx_word' id='word_1_109' title='bbox 517 1460 710 1495; x_wconf 84' lang='lat' dir='ltr'>simillima</span> <span class='ocrx_word' id='word_1_110' title='bbox 736 1465 774 1495; x_wconf 87' lang='lat' dir='ltr'>et</span> <span class='ocrx_word' id='word_1_111' title='bbox 800 1474 903 1508; x_wconf 77' lang='lat' dir='ltr'>aegre</span> <span class='ocrx_word' id='word_1_112' title='bbox 938 1463 1212 1508; x_wconf 70' lang='lat' dir='ltr'>dignoscendag</span> <span class='ocrx_word' id='word_1_113' title='bbox 1248 1464 1439 1499; x_wconf 83' lang='lat' dir='ltr'>exsiccata</span> <span class='ocrx_word' id='word_1_114' title='bbox 1468 1463 1589 1510; x_wconf 84' lang='lat' dir='ltr'>magis</span> <span class='ocrx_word' id='word_1_115' title='bbox 1628 1463 1684 1497; x_wconf 92' lang='lat' dir='ltr'>ni-</span> 
     </span>
     <span class='ocr_line' id='line_1_20' title="bbox 141 1516 1684 1566; baseline 0.003 -16"><span class='ocrx_word' id='word_1_116' title='bbox 141 1520 243 1560; x_wconf 78' lang='lat' dir='ltr'>tens,</span> <span class='ocrx_word' id='word_1_117' title='bbox 270 1516 422 1562; x_wconf 83' lang='lat' dir='ltr'>longius</span> <span class='ocrx_word' id='word_1_118' title='bbox 450 1520 597 1551; x_wconf 78' lang='lat' dir='ltr'>costata</span> <span class='ocrx_word' id='word_1_119' title='bbox 622 1518 864 1564; x_wconf 80' lang='lat' dir='ltr'>pinnatifida,</span> <span class='ocrx_word' id='word_1_120' title='bbox 897 1531 968 1554; x_wconf 85' lang='lat' dir='ltr'>nec</span> <span class='ocrx_word' id='word_1_121' title='bbox 999 1520 1054 1565; x_wconf 78' lang='lat' dir='ltr'>(in</span> <span class='ocrx_word' id='word_1_122' title='bbox 1085 1521 1233 1566; x_wconf 84' lang='lat' dir='ltr'>nostra)</span> <span class='ocrx_word' id='word_1_123' title='bbox 1259 1521 1600 1566; x_wconf 84' lang='lat' dir='ltr'>prolificationibus</span> <span class='ocrx_word' id='word_1_124' title='bbox 1626 1532 1684 1555; x_wconf 86' lang='lat' dir='ltr'>ra-</span> 
     </span>
     <span class='ocr_line' id='line_1_21' title="bbox 142 1573 1684 1623; baseline 0.002 -15"><span class='ocrx_word' id='word_1_125' title='bbox 142 1585 259 1608; x_wconf 86' lang='lat' dir='ltr'>mosa.</span> <span class='ocrx_word' id='word_1_126' title='bbox 311 1573 513 1608; x_wconf 78' lang='lat' dir='ltr'>Structura</span> <span class='ocrx_word' id='word_1_127' title='bbox 536 1574 575 1609; x_wconf 86' lang='lat' dir='ltr'>in</span> <span class='ocrx_word' id='word_1_128' title='bbox 603 1587 645 1611; x_wconf 83' lang='lat' dir='ltr'>eo</span> <span class='ocrx_word' id='word_1_129' title='bbox 672 1576 800 1611; x_wconf 78' lang='lat' dir='ltr'>differt</span> <span class='ocrx_word' id='word_1_130' title='bbox 826 1577 924 1620; x_wconf 87' lang='lat' dir='ltr'>quod</span> <span class='ocrx_word' id='word_1_131' title='bbox 957 1578 1105 1612; x_wconf 73' lang='lat' dir='ltr'>cellulae</span> <span class='ocrx_word' id='word_1_132' title='bbox 1131 1578 1371 1614; x_wconf 70' lang='lat' dir='ltr'>intermediae</span> <span class='ocrx_word' id='word_1_133' title='bbox 1397 1579 1437 1613; x_wconf 92' lang='lat' dir='ltr'>in</span> <span class='ocrx_word' id='word_1_134' title='bbox 1460 1580 1549 1613; x_wconf 89' lang='lat' dir='ltr'>Acr.</span> <span class='ocrx_word' id='word_1_135' title='bbox 1576 1578 1684 1623; x_wconf 86' lang='lat' dir='ltr'>phyl-</span> 
     </span>
     <span class='ocr_line' id='line_1_22' title="bbox 140 1633 1683 1682; baseline 0.001 -16"><span class='ocrx_word' id='word_1_136' title='bbox 140 1633 300 1677; x_wconf 83' lang='lat' dir='ltr'>lophora</span> <span class='ocrx_word' id='word_1_137' title='bbox 327 1635 413 1666; x_wconf 75' lang='lat' dir='ltr'>sunt</span> <span class='ocrx_word' id='word_1_138' title='bbox 441 1634 858 1679; x_wconf 74' lang='lat' dir='ltr'>rotundato-angulatae</span> <span class='ocrx_word' id='word_1_139' title='bbox 886 1638 924 1669; x_wconf 91' lang='lat' dir='ltr'>et</span> <span class='ocrx_word' id='word_1_140' title='bbox 949 1635 1155 1681; x_wconf 72' lang='lat' dir='ltr'>contiguze,</span> <span class='ocrx_word' id='word_1_141' title='bbox 1174 1636 1281 1679; x_wconf 73' lang='lat' dir='ltr'>quasi</span> <span class='ocrx_word' id='word_1_142' title='bbox 1301 1640 1463 1671; x_wconf 86' lang='lat' dir='ltr'>stratum</span> <span class='ocrx_word' id='word_1_143' title='bbox 1489 1636 1683 1682; x_wconf 82' lang='lat' dir='ltr'>proprium</span> 
     </span>
     <span class='ocr_line' id='line_1_23' title="bbox 140 1688 1683 1737; baseline 0.004 -15"><span class='ocrx_word' id='word_1_144' title='bbox 140 1688 367 1731; x_wconf 83' lang='lat' dir='ltr'>formantes3</span> <span class='ocrx_word' id='word_1_145' title='bbox 394 1690 433 1723; x_wconf 89' lang='lat' dir='ltr'>in</span> <span class='ocrx_word' id='word_1_146' title='bbox 461 1690 521 1724; x_wconf 87' lang='lat' dir='ltr'>Cr.</span> <span class='ocrx_word' id='word_1_147' title='bbox 550 1691 766 1736; x_wconf 77' lang='lat' dir='ltr'>decipiente</span> <span class='ocrx_word' id='word_1_148' title='bbox 795 1695 883 1726; x_wconf 84' lang='lat' dir='ltr'>sunt</span> <span class='ocrx_word' id='word_1_149' title='bbox 914 1692 1095 1737; x_wconf 79' lang='lat' dir='ltr'>minores,</span> <span class='ocrx_word' id='word_1_150' title='bbox 1122 1692 1285 1727; x_wconf 83' lang='lat' dir='ltr'>invicem</span> <span class='ocrx_word' id='word_1_151' title='bbox 1315 1694 1504 1728; x_wconf 84' lang='lat' dir='ltr'>distantes</span> <span class='ocrx_word' id='word_1_152' title='bbox 1531 1696 1570 1728; x_wconf 90' lang='lat' dir='ltr'>et</span> <span class='ocrx_word' id='word_1_153' title='bbox 1596 1705 1683 1728; x_wconf 82' lang='lat' dir='ltr'>ana—</span> 
     </span>
     <span class='ocr_line' id='line_1_24' title="bbox 142 1747 1683 1796; baseline 0.003 -16"><span class='ocrx_word' id='word_1_154' title='bbox 142 1747 373 1782; x_wconf 88' lang='lat' dir='ltr'>stomosibus</span> <span class='ocrx_word' id='word_1_155' title='bbox 396 1747 554 1792; x_wconf 77' lang='lat' dir='ltr'>junctae.</span> <span class='ocrx_word' id='word_1_156' title='bbox 604 1748 829 1783; x_wconf 80' lang='lat' dir='ltr'>Differontia</span> <span class='ocrx_word' id='word_1_157' title='bbox 864 1749 946 1783; x_wconf 69' lang='lat' dir='ltr'>haec</span> <span class='ocrx_word' id='word_1_158' title='bbox 972 1749 1034 1784; x_wconf 81' lang='lat' dir='ltr'>vix</span> <span class='ocrx_word' id='word_1_159' title='bbox 1061 1750 1257 1795; x_wconf 81' lang='lat' dir='ltr'>generica3</span> <span class='ocrx_word' id='word_1_160' title='bbox 1285 1750 1400 1785; x_wconf 82' lang='lat' dir='ltr'>etiam</span> <span class='ocrx_word' id='word_1_161' title='bbox 1425 1751 1464 1785; x_wconf 93' lang='lat' dir='ltr'>in</span> <span class='ocrx_word' id='word_1_162' title='bbox 1490 1751 1574 1785; x_wconf 85' lang='lat' dir='ltr'>aliis</span> <span class='ocrx_word' id='word_1_163' title='bbox 1603 1762 1683 1796; x_wconf 88' lang='lat' dir='ltr'>spe-</span> 
     </span>
     <span class='ocr_line' id='line_1_25' title="bbox 142 1803 1685 1850; baseline 0.003 -13"><span class='ocrx_word' id='word_1_164' title='bbox 142 1803 271 1838; x_wconf 86' lang='lat' dir='ltr'>ciebus</span> <span class='ocrx_word' id='word_1_165' title='bbox 297 1804 352 1838; x_wconf 86' lang='lat' dir='ltr'>ita</span> <span class='ocrx_word' id='word_1_166' title='bbox 377 1805 559 1839; x_wconf 82' lang='lat' dir='ltr'>obvenire</span> <span class='ocrx_word' id='word_1_167' title='bbox 590 1805 742 1839; x_wconf 87' lang='lat' dir='ltr'>videtur</span> <span class='ocrx_word' id='word_1_168' title='bbox 770 1809 810 1839; x_wconf 83' lang='lat' dir='ltr'>ut</span> <span class='ocrx_word' id='word_1_169' title='bbox 835 1808 964 1850; x_wconf 85' lang='lat' dir='ltr'>partes</span> <span class='ocrx_word' id='word_1_170' title='bbox 988 1807 1178 1850; x_wconf 79' lang='lat' dir='ltr'>juveniles</span> <span class='ocrx_word' id='word_1_171' title='bbox 1214 1810 1251 1841; x_wconf 81' lang='lat' dir='ltr'>et</span> <span class='ocrx_word' id='word_1_172' title='bbox 1283 1807 1431 1842; x_wconf 86' lang='lat' dir='ltr'>soriferi</span> <span class='ocrx_word' id='word_1_173' title='bbox 1464 1809 1685 1843; x_wconf 72' lang='lat' dir='ltr'>‘monstrant</span> 
     </span>
     <span class='ocr_line' id='line_1_26' title="bbox 142 1861 1684 1908; baseline 0.003 -14"><span class='ocrx_word' id='word_1_174' title='bbox 142 1863 375 1895; x_wconf 84' lang='lat' dir='ltr'>structuram</span> <span class='ocrx_word' id='word_1_175' title='bbox 403 1861 462 1895; x_wconf 68' lang='lat' dir='ltr'>Cr.</span> <span class='ocrx_word' id='word_1_176' title='bbox 497 1862 743 1907; x_wconf 72' lang='lat' dir='ltr'>decipientisg</span> <span class='ocrx_word' id='word_1_177' title='bbox 782 1862 990 1898; x_wconf 77' lang='lat' dir='ltr'>adultiores</span> <span class='ocrx_word' id='word_1_178' title='bbox 1027 1866 1157 1908; x_wconf 85' lang='lat' dir='ltr'>partes</span> <span class='ocrx_word' id='word_1_179' title='bbox 1183 1864 1223 1898; x_wconf 90' lang='lat' dir='ltr'>in</span> <span class='ocrx_word' id='word_1_180' title='bbox 1250 1868 1482 1900; x_wconf 85' lang='lat' dir='ltr'>structuram</span> <span class='ocrx_word' id='word_1_181' title='bbox 1518 1865 1684 1900; x_wconf 86' lang='lat' dir='ltr'>tendunt</span> 
     </span>
     <span class='ocr_line' id='line_1_27' title="bbox 142 1917 1683 1967; baseline 0.004 -16"><span class='ocrx_word' id='word_1_182' title='bbox 142 1929 254 1961; x_wconf 82' lang='lat' dir='ltr'>quam</span> <span class='ocrx_word' id='word_1_183' title='bbox 280 1918 339 1952; x_wconf 86' lang='lat' dir='ltr'>Cr.</span> <span class='ocrx_word' id='word_1_184' title='bbox 366 1917 629 1964; x_wconf 83' lang='lat' dir='ltr'>phyllophorae</span> <span class='ocrx_word' id='word_1_185' title='bbox 668 1919 1018 1955; x_wconf 84' lang='lat' dir='ltr'>characteristicam</span> <span class='ocrx_word' id='word_1_186' title='bbox 1054 1921 1193 1956; x_wconf 86' lang='lat' dir='ltr'>tribuit</span> <span class='ocrx_word' id='word_1_187' title='bbox 1228 1922 1391 1967; x_wconf 88' lang='lat' dir='ltr'>Harvey.</span> <span class='ocrx_word' id='word_1_188' title='bbox 1443 1922 1500 1957; x_wconf 80' lang='lat' dir='ltr'>Sit</span> <span class='ocrx_word' id='word_1_189' title='bbox 1524 1926 1566 1957; x_wconf 89' lang='lat' dir='ltr'>ut</span> <span class='ocrx_word' id='word_1_190' title='bbox 1590 1935 1683 1957; x_wconf 89' lang='lat' dir='ltr'>non-</span> 
     </span>
     <span class='ocr_line' id='line_1_28' title="bbox 146 1975 1683 2025; baseline 0.004 -16"><span class='ocrx_word' id='word_1_191' title='bbox 146 1976 261 2010; x_wconf 84' lang='lat' dir='ltr'>nullae</span> <span class='ocrx_word' id='word_1_192' title='bbox 290 1975 435 2020; x_wconf 87' lang='lat' dir='ltr'>species</span> <span class='ocrx_word' id='word_1_193' title='bbox 463 1976 584 2021; x_wconf 85' lang='lat' dir='ltr'>magis</span> <span class='ocrx_word' id='word_1_194' title='bbox 611 1977 681 2011; x_wconf 88' lang='lat' dir='ltr'>hoc</span> <span class='ocrx_word' id='word_1_195' title='bbox 706 1980 885 2021; x_wconf 83' lang='lat' dir='ltr'>respectu</span> <span class='ocrx_word' id='word_1_196' title='bbox 917 1978 1078 2012; x_wconf 75' lang='lat' dir='ltr'>diversae</span> <span class='ocrx_word' id='word_1_197' title='bbox 1111 1990 1220 2022; x_wconf 87' lang='lat' dir='ltr'>quam</span> <span class='ocrx_word' id='word_1_198' title='bbox 1246 1979 1343 2014; x_wconf 82' lang='lat' dir='ltr'>aliae.</span> <span class='ocrx_word' id='word_1_199' title='bbox 1392 1980 1452 2014; x_wconf 89' lang='lat' dir='ltr'>Ad</span> <span class='ocrx_word' id='word_1_200' title='bbox 1477 1979 1573 2014; x_wconf 86' lang='lat' dir='ltr'>hanc</span> <span class='ocrx_word' id='word_1_201' title='bbox 1600 1991 1683 2025; x_wconf 81' lang='lat' dir='ltr'>spe-</span> 
     </span>
    </p>
   </div>
   <div class='ocr_carea' id='block_1_6' title="bbox 142 2033 1687 2136">
    <p class='ocr_par' dir='ltr' id='par_1_7' title="bbox 142 2033 1687 2136">
     <span class='ocr_line' id='line_1_29' title="bbox 142 2033 1687 2084; baseline 0.003 -18"><span class='ocrx_word' id='word_1_202' title='bbox 142 2033 240 2067; x_wconf 89' lang='lat' dir='ltr'>ciem</span> <span class='ocrx_word' id='word_1_203' title='bbox 270 2033 472 2068; x_wconf 85' lang='lat' dir='ltr'>referenda</span> <span class='ocrx_word' id='word_1_204' title='bbox 498 2034 706 2078; x_wconf 82' lang='lat' dir='ltr'>specimina</span> <span class='ocrx_word' id='word_1_205' title='bbox 749 2036 921 2078; x_wconf 66' lang='lat' dir='ltr'>quiedam</span> <span class='ocrx_word' id='word_1_206' title='bbox 960 2037 1027 2071; x_wconf 86' lang='lat' dir='ltr'>sub</span> <span class='ocrx_word' id='word_1_207' title='bbox 1054 2036 1204 2072; x_wconf 85' lang='lat' dir='ltr'>nomine</span> <span class='ocrx_word' id='word_1_208' title='bbox 1243 2038 1331 2072; x_wconf 88' lang='lat' dir='ltr'>Acr.</span> <span class='ocrx_word' id='word_1_209' title='bbox 1371 2037 1638 2084; x_wconf 76' lang='lat' dir='ltr'>Phyllophorae</span> <span class='ocrx_word' id='word_1_210' title='bbox 1666 2049 1687 2071; x_wconf 85' lang='lat' dir='ltr'>a</span> 
     </span>
     <span class='ocr_line' id='line_1_30' title="bbox 146 2090 1028 2136; baseline 0.003 -12"><span class='ocrx_word' id='word_1_211' title='bbox 146 2090 321 2134; x_wconf 84' lang='lat' dir='ltr'>Harveyo</span> <span class='ocrx_word' id='word_1_212' title='bbox 347 2090 568 2135; x_wconf 82' lang='lat' dir='ltr'>distributa,</span> <span class='ocrx_word' id='word_1_213' title='bbox 595 2094 637 2125; x_wconf 88' lang='lat' dir='ltr'>ut</span> <span class='ocrx_word' id='word_1_214' title='bbox 662 2091 743 2136; x_wconf 86' lang='lat' dir='ltr'>ipse</span> <span class='ocrx_word' id='word_1_215' title='bbox 766 2092 843 2136; x_wconf 77' lang='lat' dir='ltr'>jam</span> <span class='ocrx_word' id='word_1_216' title='bbox 870 2092 1028 2127; x_wconf 82' lang='lat' dir='ltr'>monuit.</span> 
     </span>
    </p>
   </div>
   <div class='ocr_carea' id='block_1_7' title="bbox 143 2192 1685 2666">
    <p class='ocr_par' dir='ltr' id='par_1_8' title="bbox 143 2192 1685 2666">
     <span class='ocr_line' id='line_1_31' title="bbox 143 2192 1685 2256; baseline 0.006 -22"><span class='ocrx_word' id='word_1_217' title='bbox 143 2195 180 2235; x_wconf 85' lang='lat'>8.</span> <span class='ocrx_word' id='word_1_218' title='bbox 214 2192 286 2235; x_wconf 68' lang='lat' dir='ltr'>Cn.</span> <span class='ocrx_word' id='word_1_219' title='bbox 321 2208 449 2235; x_wconf 78' lang='lat' dir='ltr'><strong>ELATA</strong></span> <span class='ocrx_word' id='word_1_220' title='bbox 480 2194 637 2247; x_wconf 74' lang='lat' dir='ltr'>(Harv.</span> <span class='ocrx_word' id='word_1_221' title='bbox 669 2197 714 2237; x_wconf 72' lang='lat' dir='ltr'>in</span> <span class='ocrx_word' id='word_1_222' title='bbox 742 2196 812 2238; x_wconf 68' lang='lat' dir='ltr'>Tr.</span> <span class='ocrx_word' id='word_1_223' title='bbox 837 2197 968 2239; x_wconf 73' lang='lat' dir='ltr'>Ire&#39;sh.</span> <span class='ocrx_word' id='word_1_224' title='bbox 990 2198 1128 2240; x_wconf 76' lang='lat' dir='ltr'>Aeacl.</span> <span class='ocrx_word' id='word_1_225' title='bbox 1165 2198 1251 2241; x_wconf 78' lang='lat' dir='ltr'>Vol.</span> <span class='ocrx_word' id='word_1_226' title='bbox 1275 2200 1327 2240; x_wconf 75' lang='lat'>22</span> <span class='ocrx_word' id='word_1_227' title='bbox 1340 2214 1387 2253; x_wconf 74' lang='lat' dir='ltr'>p.</span> <span class='ocrx_word' id='word_1_228' title='bbox 1411 2201 1512 2256; x_wconf 84' lang='lat'>554)</span> <span class='ocrx_word' id='word_1_229' title='bbox 1533 2201 1685 2243; x_wconf 84' lang='lat' dir='ltr'>fronde</span> 
     </span>
     <span class='ocr_line' id='line_1_32' title="bbox 256 2261 1684 2322; baseline 0.006 -19"><span class='ocrx_word' id='word_1_230' title='bbox 256 2261 530 2304; x_wconf 83' lang='lat' dir='ltr'>caulescente</span> <span class='ocrx_word' id='word_1_231' title='bbox 562 2267 604 2305; x_wconf 89' lang='lat' dir='ltr'>et</span> <span class='ocrx_word' id='word_1_232' title='bbox 636 2278 807 2305; x_wconf 87' lang='lat' dir='ltr'>sursum</span> <span class='ocrx_word' id='word_1_233' title='bbox 838 2265 1007 2319; x_wconf 82' lang='lat' dir='ltr'>longius</span> <span class='ocrx_word' id='word_1_234' title='bbox 1039 2271 1205 2308; x_wconf 88' lang='lat' dir='ltr'>costata</span> <span class='ocrx_word' id='word_1_235' title='bbox 1236 2268 1484 2310; x_wconf 87' lang='lat' dir='ltr'>dichotoma</span> <span class='ocrx_word' id='word_1_236' title='bbox 1514 2274 1559 2311; x_wconf 90' lang='lat' dir='ltr'>at</span> <span class='ocrx_word' id='word_1_237' title='bbox 1590 2282 1684 2322; x_wconf 80' lang='lat' dir='ltr'>seg-</span> 
     </span>
     <span class='ocr_line' id='line_1_33' title="bbox 258 2330 1683 2391; baseline 0.005 -19"><span class='ocrx_word' id='word_1_238' title='bbox 258 2331 414 2372; x_wconf 88' lang='lat' dir='ltr'>mentis</span> <span class='ocrx_word' id='word_1_239' title='bbox 447 2330 611 2372; x_wconf 88' lang='lat' dir='ltr'>alterne</span> <span class='ocrx_word' id='word_1_240' title='bbox 643 2333 687 2373; x_wconf 88' lang='lat' dir='ltr'>in</span> <span class='ocrx_word' id='word_1_241' title='bbox 718 2332 833 2374; x_wconf 83' lang='lat' dir='ltr'>latus</span> <span class='ocrx_word' id='word_1_242' title='bbox 864 2332 1040 2387; x_wconf 86' lang='lat' dir='ltr'>dejectis</span> <span class='ocrx_word' id='word_1_243' title='bbox 1072 2335 1195 2388; x_wconf 84' lang='lat' dir='ltr'>quasi</span> <span class='ocrx_word' id='word_1_244' title='bbox 1217 2336 1408 2389; x_wconf 87' lang='lat' dir='ltr'>pinnata,</span> <span class='ocrx_word' id='word_1_245' title='bbox 1441 2336 1599 2391; x_wconf 87' lang='lat' dir='ltr'>phyllis</span> <span class='ocrx_word' id='word_1_246' title='bbox 1620 2338 1683 2378; x_wconf 90' lang='lat' dir='ltr'>la-</span> 
     </span>
     <span class='ocr_line' id='line_1_34' title="bbox 260 2387 1682 2459; baseline 0.006 -20"><span class='ocrx_word' id='word_1_247' title='bbox 260 2398 471 2441; x_wconf 87' lang='lat' dir='ltr'>teralibus</span> <span class='ocrx_word' id='word_1_248' title='bbox 503 2399 703 2441; x_wconf 86' lang='lat' dir='ltr'>brevibus</span> <span class='ocrx_word' id='word_1_249' title='bbox 735 2401 778 2441; x_wconf 94' lang='lat' dir='ltr'>in</span> <span class='ocrx_word' id='word_1_250' title='bbox 810 2400 988 2442; x_wconf 86' lang='lat' dir='ltr'>rachide</span> <span class='ocrx_word' id='word_1_251' title='bbox 1020 2387 1213 2445; x_wconf 72' lang='lat' dir='ltr'>flexuosa</span> <span class='ocrx_word' id='word_1_252' title='bbox 1233 2404 1427 2455; x_wconf 75' lang='lat' dir='ltr'>alternis,</span> <span class='ocrx_word' id='word_1_253' title='bbox 1451 2406 1682 2459; x_wconf 84' lang='lat' dir='ltr'>segmentis</span> 
     </span>
     <span class='ocr_line' id='line_1_35' title="bbox 257 2467 1683 2529; baseline 0.006 -20"><span class='ocrx_word' id='word_1_254' title='bbox 257 2482 391 2521; x_wconf 85' lang='lat' dir='ltr'>supra</span> <span class='ocrx_word' id='word_1_255' title='bbox 422 2467 578 2511; x_wconf 83' lang='lat' dir='ltr'>axillas</span> <span class='ocrx_word' id='word_1_256' title='bbox 610 2470 866 2511; x_wconf 86' lang='lat' dir='ltr'>rotundatas</span> <span class='ocrx_word' id='word_1_257' title='bbox 905 2472 1153 2523; x_wconf 86' lang='lat' dir='ltr'>patentibus</span> <span class='ocrx_word' id='word_1_258' title='bbox 1197 2472 1447 2527; x_wconf 79' lang='lat' dir='ltr'>linearibus,</span> <span class='ocrx_word' id='word_1_259' title='bbox 1494 2474 1683 2529; x_wconf 76' lang='lat' dir='ltr'>sphaero-</span> 
     </span>
     <span class='ocr_line' id='line_1_36' title="bbox 258 2537 1682 2594; baseline 0.005 -16"><span class='ocrx_word' id='word_1_260' title='bbox 258 2537 396 2590; x_wconf 86' lang='lat' dir='ltr'>sporis</span> <span class='ocrx_word' id='word_1_261' title='bbox 427 2539 471 2578; x_wconf 88' lang='lat' dir='ltr'>in</span> <span class='ocrx_word' id='word_1_262' title='bbox 503 2552 647 2579; x_wconf 84' lang='lat' dir='ltr'>sorum</span> <span class='ocrx_word' id='word_1_263' title='bbox 686 2537 800 2580; x_wconf 86' lang='lat' dir='ltr'>infra</span> <span class='ocrx_word' id='word_1_264' title='bbox 843 2539 990 2592; x_wconf 83' lang='lat' dir='ltr'>apices</span> <span class='ocrx_word' id='word_1_265' title='bbox 1037 2546 1355 2594; x_wconf 81' lang='lat' dir='ltr'>segmentorum</span> <span class='ocrx_word' id='word_1_266' title='bbox 1400 2543 1682 2585; x_wconf 85' lang='lat' dir='ltr'>rotundatum</span> 
     </span>
     <span class='ocr_line' id='line_1_37' title="bbox 257 2606 1681 2666; baseline 0.006 -20"><span class='ocrx_word' id='word_1_267' title='bbox 257 2606 460 2647; x_wconf 86' lang='lat' dir='ltr'>collectis.</span> <span class='ocrx_word' id='word_1_268' title='bbox 512 2607 719 2661; x_wconf 70' lang='lat' dir='ltr'>Rhodffln.</span> <span class='ocrx_word' id='word_1_269' title='bbox 773 2608 886 2651; x_wconf 76' lang='lat' dir='ltr'>elata</span> <span class='ocrx_word' id='word_1_270' title='bbox 940 2609 1078 2652; x_wconf 65' lang='lat' dir='ltr'>Ham).</span> <span class='ocrx_word' id='word_1_271' title='bbox 1134 2611 1159 2653; x_wconf 75' lang='lat' dir='ltr'>l.</span> <span class='ocrx_word' id='word_1_272' title='bbox 1205 2627 1237 2654; x_wconf 75' lang='lat' dir='ltr'>c.</span> <span class='ocrx_word' id='word_1_273' title='bbox 1283 2612 1525 2666; x_wconf 70' lang='lat' dir='ltr'>Acropeltis</span> <span class='ocrx_word' id='word_1_274' title='bbox 1569 2613 1681 2656; x_wconf 73' lang='lat' dir='ltr'>elata</span> 
     </span>
    </p>
   </div>
   <div class='ocr_carea' id='block_1_8' title="bbox 257 2673 1686 2784">
    <p class='ocr_par' dir='ltr' id='par_1_9' title="bbox 257 2673 1686 2784">
     <span class='ocr_line' id='line_1_38' title="bbox 259 2673 1686 2735; baseline 0.006 -20"><span class='ocrx_word' id='word_1_275' title='bbox 259 2673 396 2716; x_wconf 75' lang='lat' dir='ltr'>Harv.</span> <span class='ocrx_word' id='word_1_276' title='bbox 433 2674 560 2728; x_wconf 69' lang='lat' dir='ltr'>Phyc.</span> <span class='ocrx_word' id='word_1_277' title='bbox 593 2680 727 2719; x_wconf 72' lang='lat' dir='ltr'>austr.</span> <span class='ocrx_word' id='word_1_278' title='bbox 759 2677 841 2718; x_wconf 79' lang='lat' dir='ltr'>tab.</span> <span class='ocrx_word' id='word_1_279' title='bbox 875 2678 966 2719; x_wconf 78' lang='lat'>122.</span> <span class='ocrx_word' id='word_1_280' title='bbox 1001 2679 1130 2721; x_wconf 55' lang='lat' dir='ltr'>Kiitz.</span> <span class='ocrx_word' id='word_1_281' title='bbox 1164 2681 1246 2723; x_wconf 74' lang='lat' dir='ltr'>tab.</span> <span class='ocrx_word' id='word_1_282' title='bbox 1279 2680 1408 2735; x_wconf 68' lang='lat' dir='ltr'>Phyc.</span> <span class='ocrx_word' id='word_1_283' title='bbox 1444 2681 1531 2723; x_wconf 71' lang='lat' dir='ltr'>Vol.</span> <span class='ocrx_word' id='word_1_284' title='bbox 1557 2681 1686 2725; x_wconf 92' lang='lat' dir='ltr'>XIX</span> 
     </span>
     <span class='ocr_line' id='line_1_39' title="bbox 257 2743 436 2784; baseline 0 -2"><span class='ocrx_word' id='word_1_285' title='bbox 257 2743 339 2784; x_wconf 75' lang='lat' dir='ltr'>tab.</span> <span class='ocrx_word' id='word_1_286' title='bbox 371 2743 436 2783; x_wconf 79' lang='lat'>35.</span> 
     </span>
    </p>
   </div>
   <div class='ocr_carea' id='block_1_9' title="bbox 413 2819 1102 2868">
    <p class='ocr_par' dir='ltr' id='par_1_10' title="bbox 413 2819 1102 2868">
     <span class='ocr_line' id='line_1_40' title="bbox 413 2819 1102 2868; baseline 0.009 -7"><span class='ocrx_word' id='word_1_287' title='bbox 413 2819 516 2863; x_wconf 87' lang='lat' dir='ltr'>Nov.</span> <span class='ocrx_word' id='word_1_288' title='bbox 549 2823 781 2867; x_wconf 84' lang='lat' dir='ltr'>Hollandia</span> <span class='ocrx_word' id='word_1_289' title='bbox 813 2825 1102 2868; x_wconf 76' lang='lat' dir='ltr'>occidentalis.</span> 
     </span>
    </p>
   </div>
  </div>
 </body>
</html>
