<?xml version="1.0" encoding="UTF-8"?>
<!DOCTYPE html PUBLIC "-//W3C//DTD XHTML 1.0 Transitional//EN"
    "http://www.w3.org/TR/xhtml1/DTD/xhtml1-transitional.dtd">
<html xmlns="http://www.w3.org/1999/xhtml" xml:lang="en" lang="en">
 <head>
  <title>
</title>
<meta http-equiv="Content-Type" content="text/html;charset=utf-8" />
  <meta name='ocr-system' content='tesseract 3.04.00' />
  <meta name='ocr-capabilities' content='ocr_page ocr_carea ocr_par ocr_line ocrx_word'/>
</head>
<body>
  <div class='ocr_page' id='page_1' title='image "./speciesgeneraeto0301agar_0462.png"; bbox 0 0 1757 3114; ppageno 0'>
   <div class='ocr_carea' id='block_1_1' title="bbox 82 95 1608 152">
    <p class='ocr_par' dir='ltr' id='par_1_1' title="bbox 82 95 1608 152">
     <span class='ocr_line' id='line_1_1' title="bbox 82 95 1608 152; baseline 0.005 -18"><span class='ocrx_word' id='word_1_1' title='bbox 82 95 162 135; x_wconf 79' lang='lat' dir='ltr'>44ss</span> <span class='ocrx_word' id='word_1_2' title='bbox 701 95 1003 136; x_wconf 63' lang='lat' dir='ltr'>Dnnnssnmnffi.</span> <span class='ocrx_word' id='word_1_3' title='bbox 1303 99 1608 152; x_wconf 60' lang='lat' dir='ltr'>Netophynum.</span> 
     </span>
    </p>
   </div>
   <div class='ocr_carea' id='block_1_2' title="bbox 82 207 1606 345">
    <p class='ocr_par' dir='ltr' id='par_1_2' title="bbox 82 207 1606 345">
     <span class='ocr_line' id='line_1_2' title="bbox 82 207 1605 279; baseline 0.006 -23"><span class='ocrx_word' id='word_1_4' title='bbox 82 207 181 258; x_wconf 66' lang='grc' dir='ltr'>ΓΧῙ.</span> <span class='ocrx_word' id='word_1_5' title='bbox 219 211 579 260; x_wconf 85' lang='lat' dir='ltr'>NITOPHYLLUM</span> <span class='ocrx_word' id='word_1_6' title='bbox 617 219 740 262; x_wconf 81' lang='lat' dir='ltr'>Grev.</span> <span class='ocrx_word' id='word_1_7' title='bbox 770 220 866 274; x_wconf 70' lang='lat' dir='ltr'><strong><em>Azy.</em></strong></span> <span class='ocrx_word' id='word_1_8' title='bbox 901 220 982 261; x_wconf 79' lang='lat' dir='ltr'>Br.</span> <span class='ocrx_word' id='word_1_9' title='bbox 997 235 1044 274; x_wconf 73' lang='lat' dir='ltr'>p.</span> <span class='ocrx_word' id='word_1_10' title='bbox 1068 223 1131 262; x_wconf 79' lang='lat'>77.</span> <span class='ocrx_word' id='word_1_11' title='bbox 1163 223 1286 277; x_wconf 89' lang='lat' dir='ltr'>(mut.</span> <span class='ocrx_word' id='word_1_12' title='bbox 1331 223 1476 279; x_wconf 84' lang='lat' dir='ltr'>limit.)</span> <span class='ocrx_word' id='word_1_13' title='bbox 1526 224 1605 265; x_wconf 67' lang='lat' dir='ltr'>Ni-</span> 
     </span>
     <span class='ocr_line' id='line_1_3' title="bbox 192 289 1606 345; baseline 0.001 -14"><span class='ocrx_word' id='word_1_14' title='bbox 192 290 431 344; x_wconf 68' lang='lat' dir='ltr'>tophyllum.</span> <span class='ocrx_word' id='word_1_15' title='bbox 455 289 704 343; x_wconf 64' lang='lat' dir='ltr'>Hymenena</span> <span class='ocrx_word' id='word_1_16' title='bbox 725 293 763 331; x_wconf 73' lang='lat' dir='ltr'>et</span> <span class='ocrx_word' id='word_1_17' title='bbox 785 289 1137 343; x_wconf 71' lang='lat' dir='ltr'>Botryoylossum</span> <span class='ocrx_word' id='word_1_18' title='bbox 1168 290 1212 333; x_wconf 87' lang='lat' dir='ltr'>J.</span> <span class='ocrx_word' id='word_1_19' title='bbox 1245 293 1324 345; x_wconf 71' lang='lat' dir='ltr'>Ay.</span> <span class='ocrx_word' id='word_1_20' title='bbox 1359 292 1428 345; x_wconf 72' lang='lat' dir='ltr'>Sp.</span> <span class='ocrx_word' id='word_1_21' title='bbox 1443 306 1488 345; x_wconf 75' lang='lat' dir='ltr'>p.</span> <span class='ocrx_word' id='word_1_22' title='bbox 1513 293 1606 333; x_wconf 76' lang='lat'>651.</span> 
     </span>
    </p>
   </div>
   <div class='ocr_carea' id='block_1_3' title="bbox 80 393 1650 1337">
    <p class='ocr_par' dir='ltr' id='par_1_3' title="bbox 80 393 1650 1337">
     <span class='ocr_line' id='line_1_4' title="bbox 80 393 1607 448; baseline 0.001 -13"><span class='ocrx_word' id='word_1_23' title='bbox 80 393 216 436; x_wconf 85' lang='lat' dir='ltr'>Frons</span> <span class='ocrx_word' id='word_1_24' title='bbox 246 394 380 448; x_wconf 90' lang='lat' dir='ltr'>plana</span> <span class='ocrx_word' id='word_1_25' title='bbox 410 394 737 436; x_wconf 88' lang='lat' dir='ltr'>membranacea</span> <span class='ocrx_word' id='word_1_26' title='bbox 767 393 932 435; x_wconf 87' lang='lat' dir='ltr'>cellulis</span> <span class='ocrx_word' id='word_1_27' title='bbox 972 393 1188 448; x_wconf 88' lang='lat' dir='ltr'>angulatis</span> <span class='ocrx_word' id='word_1_28' title='bbox 1219 395 1423 447; x_wconf 85' lang='lat' dir='ltr'>areolata,</span> <span class='ocrx_word' id='word_1_29' title='bbox 1456 397 1607 438; x_wconf 88' lang='lat' dir='ltr'>avenia</span> 
     </span>
     <span class='ocr_line' id='line_1_5' title="bbox 191 461 1608 516; baseline 0.001 -12"><span class='ocrx_word' id='word_1_30' title='bbox 191 463 359 504; x_wconf 85' lang='lat' dir='ltr'>venisve</span> <span class='ocrx_word' id='word_1_31' title='bbox 391 461 735 516; x_wconf 87' lang='lat' dir='ltr'>superficialibus</span> <span class='ocrx_word' id='word_1_32' title='bbox 772 462 973 514; x_wconf 84' lang='lat' dir='ltr'>subvagis</span> <span class='ocrx_word' id='word_1_33' title='bbox 1005 462 1230 514; x_wconf 87' lang='lat' dir='ltr'>instructa,</span> <span class='ocrx_word' id='word_1_34' title='bbox 1261 463 1502 505; x_wconf 89' lang='lat' dir='ltr'>subsessilis</span> <span class='ocrx_word' id='word_1_35' title='bbox 1533 468 1608 505; x_wconf 80' lang='lat' dir='ltr'>aut</span> 
     </span>
     <span class='ocr_line' id='line_1_6' title="bbox 191 531 1607 585; baseline 0 -13"><span class='ocrx_word' id='word_1_36' title='bbox 191 532 386 585; x_wconf 86' lang='lat' dir='ltr'>stipitata</span> <span class='ocrx_word' id='word_1_37' title='bbox 417 531 563 585; x_wconf 77' lang='lat' dir='ltr'>stipite</span> <span class='ocrx_word' id='word_1_38' title='bbox 592 535 770 578; x_wconf 85' lang='lat' dir='ltr'>costato,</span> <span class='ocrx_word' id='word_1_39' title='bbox 805 544 935 572; x_wconf 82' lang='lat' dir='ltr'>nervo</span> <span class='ocrx_word' id='word_1_40' title='bbox 967 544 1064 572; x_wconf 85' lang='lat' dir='ltr'>mox</span> <span class='ocrx_word' id='word_1_41' title='bbox 1088 536 1376 583; x_wconf 79' lang='lat' dir='ltr'>evanescente,</span> <span class='ocrx_word' id='word_1_42' title='bbox 1399 546 1510 574; x_wconf 88' lang='lat' dir='ltr'>nunc</span> <span class='ocrx_word' id='word_1_43' title='bbox 1531 545 1607 585; x_wconf 89' lang='lat' dir='ltr'>per</span> 
     </span>
     <span class='ocr_line' id='line_1_7' title="bbox 190 598 1607 654; baseline 0.001 -14"><span class='ocrx_word' id='word_1_44' title='bbox 190 598 385 640; x_wconf 84' lang='lat' dir='ltr'>frondem</span> <span class='ocrx_word' id='word_1_45' title='bbox 431 599 588 640; x_wconf 89' lang='lat' dir='ltr'>sensim</span> <span class='ocrx_word' id='word_1_46' title='bbox 634 599 804 653; x_wconf 90' lang='lat' dir='ltr'>longius</span> <span class='ocrx_word' id='word_1_47' title='bbox 850 598 1073 651; x_wconf 82' lang='lat' dir='ltr'>producto;</span> <span class='ocrx_word' id='word_1_48' title='bbox 1120 613 1305 652; x_wconf 82' lang='lat' dir='ltr'>superne</span> <span class='ocrx_word' id='word_1_49' title='bbox 1338 614 1449 654; x_wconf 86' lang='lat' dir='ltr'>saepe</span> <span class='ocrx_word' id='word_1_50' title='bbox 1481 601 1607 641; x_wconf 87' lang='lat' dir='ltr'>unica</span> 
     </span>
     <span class='ocr_line' id='line_1_8' title="bbox 191 666 1606 722; baseline 0.001 -15"><span class='ocrx_word' id='word_1_51' title='bbox 191 666 300 708; x_wconf 88' lang='lat' dir='ltr'>serie</span> <span class='ocrx_word' id='word_1_52' title='bbox 347 666 604 708; x_wconf 82' lang='lat' dir='ltr'>cellularum</span> <span class='ocrx_word' id='word_1_53' title='bbox 649 667 897 715; x_wconf 85' lang='lat' dir='ltr'>constituta,</span> <span class='ocrx_word' id='word_1_54' title='bbox 944 666 1108 707; x_wconf 85' lang='lat' dir='ltr'>inferne</span> <span class='ocrx_word' id='word_1_55' title='bbox 1154 667 1350 720; x_wconf 89' lang='lat' dir='ltr'>pluribus</span> <span class='ocrx_word' id='word_1_56' title='bbox 1382 681 1404 709; x_wconf 92' lang='lat' dir='ltr'>e</span> <span class='ocrx_word' id='word_1_57' title='bbox 1434 669 1606 722; x_wconf 83' lang='lat' dir='ltr'>regione</span> 
     </span>
     <span class='ocr_line' id='line_1_9' title="bbox 189 734 1650 789; baseline 0.001 -13"><span class='ocrx_word' id='word_1_58' title='bbox 189 736 354 789; x_wconf 88' lang='lat' dir='ltr'>positis,</span> <span class='ocrx_word' id='word_1_59' title='bbox 385 736 549 777; x_wconf 88' lang='lat' dir='ltr'>intimis</span> <span class='ocrx_word' id='word_1_60' title='bbox 580 736 852 778; x_wconf 88' lang='lat' dir='ltr'>subdiversis.</span> <span class='ocrx_word' id='word_1_61' title='bbox 894 734 1173 789; x_wconf 69' lang='lat' dir='ltr'>Cystoearpia</span> <span class='ocrx_word' id='word_1_62' title='bbox 1194 736 1235 778; x_wconf 88' lang='lat' dir='ltr'>in</span> <span class='ocrx_word' id='word_1_63' title='bbox 1258 736 1408 778; x_wconf 87' lang='lat' dir='ltr'>fronde</span> <span class='ocrx_word' id='word_1_64' title='bbox 1429 737 1606 787; x_wconf 83' lang='lat' dir='ltr'>sessilia,</span> <span class='ocrx_word' id='word_1_65' title='bbox 1645 742 1650 747; x_wconf 84' lang='grc'><strong>”</strong></span> 
     </span>
     <span class='ocr_line' id='line_1_10' title="bbox 191 803 1605 858; baseline 0.001 -13"><span class='ocrx_word' id='word_1_66' title='bbox 191 803 407 857; x_wconf 88' lang='lat' dir='ltr'>depressa,</span> <span class='ocrx_word' id='word_1_67' title='bbox 440 804 555 845; x_wconf 88' lang='lat' dir='ltr'>intra</span> <span class='ocrx_word' id='word_1_68' title='bbox 586 805 875 857; x_wconf 89' lang='lat' dir='ltr'>pericarpium</span> <span class='ocrx_word' id='word_1_69' title='bbox 905 803 1365 856; x_wconf 77' lang='lat' dir='ltr'>radiato-cellulosum,</span> <span class='ocrx_word' id='word_1_70' title='bbox 1387 809 1605 858; x_wconf 90' lang='lat' dir='ltr'>carposto-</span> 
     </span>
     <span class='ocr_line' id='line_1_11' title="bbox 190 871 1604 926; baseline 0.001 -14"><span class='ocrx_word' id='word_1_71' title='bbox 190 872 275 913; x_wconf 90' lang='lat' dir='ltr'>mio</span> <span class='ocrx_word' id='word_1_72' title='bbox 307 876 517 926; x_wconf 77' lang='lat' dir='ltr'>apertum,</span> <span class='ocrx_word' id='word_1_73' title='bbox 550 872 749 913; x_wconf 82' lang='lat' dir='ltr'>nucleum</span> <span class='ocrx_word' id='word_1_74' title='bbox 789 872 1025 925; x_wconf 88' lang='lat' dir='ltr'>simplicem</span> <span class='ocrx_word' id='word_1_75' title='bbox 1057 871 1263 924; x_wconf 83' lang='lat' dir='ltr'>foventia3</span> <span class='ocrx_word' id='word_1_76' title='bbox 1295 873 1494 926; x_wconf 89' lang='lat' dir='ltr'>placenta</span> <span class='ocrx_word' id='word_1_77' title='bbox 1532 876 1604 914; x_wconf 89' lang='lat' dir='ltr'>ba-</span> 
     </span>
     <span class='ocr_line' id='line_1_12' title="bbox 189 939 1605 994; baseline 0.001 -14"><span class='ocrx_word' id='word_1_78' title='bbox 189 939 304 989; x_wconf 88' lang='lat' dir='ltr'>salis,</span> <span class='ocrx_word' id='word_1_79' title='bbox 327 940 414 982; x_wconf 89' lang='lat' dir='ltr'>late</span> <span class='ocrx_word' id='word_1_80' title='bbox 437 954 638 994; x_wconf 84' lang='lat' dir='ltr'>expansa,</span> <span class='ocrx_word' id='word_1_81' title='bbox 663 954 832 982; x_wconf 85' lang='lat' dir='ltr'>sursum</span> <span class='ocrx_word' id='word_1_82' title='bbox 854 939 927 980; x_wconf 89' lang='lat' dir='ltr'>fila</span> <span class='ocrx_word' id='word_1_83' title='bbox 943 940 1257 992; x_wconf 81' lang='lat' dir='ltr'>gemmidiifera</span> <span class='ocrx_word' id='word_1_84' title='bbox 1277 941 1463 994; x_wconf 87' lang='lat' dir='ltr'>plurima</span> <span class='ocrx_word' id='word_1_85' title='bbox 1484 942 1605 982; x_wconf 90' lang='lat' dir='ltr'>emit-</span> 
     </span>
     <span class='ocr_line' id='line_1_13' title="bbox 188 1009 1604 1064; baseline 0.001 -13"><span class='ocrx_word' id='word_1_86' title='bbox 188 1014 302 1058; x_wconf 71' lang='lat' dir='ltr'>tens:</span> <span class='ocrx_word' id='word_1_87' title='bbox 333 1009 409 1052; x_wconf 80' lang='lat' dir='ltr'>fila</span> <span class='ocrx_word' id='word_1_88' title='bbox 439 1010 668 1052; x_wconf 87' lang='lat' dir='ltr'>articulata</span> <span class='ocrx_word' id='word_1_89' title='bbox 697 1009 1199 1064; x_wconf 85' lang='lat' dir='ltr'>dichotomo-fastigiata,</span> <span class='ocrx_word' id='word_1_90' title='bbox 1223 1025 1404 1064; x_wconf 83' lang='lat' dir='ltr'>superne</span> <span class='ocrx_word' id='word_1_91' title='bbox 1426 1011 1604 1052; x_wconf 86' lang='lat' dir='ltr'>invicem</span> 
     </span>
     <span class='ocr_line' id='line_1_14' title="bbox 188 1076 1604 1131; baseline 0 -13"><span class='ocrx_word' id='word_1_92' title='bbox 188 1076 338 1122; x_wconf 78' lang='lat' dir='ltr'>libera,</span> <span class='ocrx_word' id='word_1_93' title='bbox 370 1079 413 1119; x_wconf 89' lang='lat' dir='ltr'>in</span> <span class='ocrx_word' id='word_1_94' title='bbox 446 1077 640 1119; x_wconf 84' lang='lat' dir='ltr'>articulis</span> <span class='ocrx_word' id='word_1_95' title='bbox 672 1077 973 1119; x_wconf 85' lang='lat' dir='ltr'>terminalibus</span> <span class='ocrx_word' id='word_1_96' title='bbox 1012 1077 1396 1120; x_wconf 88' lang='lat' dir='ltr'>clavato—obovatis</span> <span class='ocrx_word' id='word_1_97' title='bbox 1428 1079 1604 1131; x_wconf 80' lang='lat' dir='ltr'>gemmi-</span> 
     </span>
     <span class='ocr_line' id='line_1_15' title="bbox 187 1145 1604 1200; baseline 0.001 -14"><span class='ocrx_word' id='word_1_98' title='bbox 187 1145 258 1186; x_wconf 88' lang='lat' dir='ltr'>dia</span> <span class='ocrx_word' id='word_1_99' title='bbox 288 1146 533 1188; x_wconf 89' lang='lat' dir='ltr'>subseriata</span> <span class='ocrx_word' id='word_1_100' title='bbox 563 1145 763 1188; x_wconf 84' lang='lat' dir='ltr'>foventia.</span> <span class='ocrx_word' id='word_1_101' title='bbox 826 1145 924 1188; x_wconf 73' lang='lat' dir='ltr'>Sori</span> <span class='ocrx_word' id='word_1_102' title='bbox 954 1146 1118 1187; x_wconf 88' lang='lat' dir='ltr'>ambitu</span> <span class='ocrx_word' id='word_1_103' title='bbox 1149 1146 1326 1197; x_wconf 88' lang='lat' dir='ltr'>definiti,</span> <span class='ocrx_word' id='word_1_104' title='bbox 1359 1147 1498 1200; x_wconf 87' lang='lat' dir='ltr'>sparsi</span> <span class='ocrx_word' id='word_1_105' title='bbox 1529 1152 1604 1188; x_wconf 90' lang='lat' dir='ltr'>aut</span> 
     </span>
     <span class='ocr_line' id='line_1_16' title="bbox 184 1213 1602 1268; baseline 0.001 -13"><span class='ocrx_word' id='word_1_106' title='bbox 184 1215 311 1256; x_wconf 87' lang='lat' dir='ltr'>certis</span> <span class='ocrx_word' id='word_1_107' title='bbox 342 1213 445 1256; x_wconf 87' lang='lat' dir='ltr'>locis</span> <span class='ocrx_word' id='word_1_108' title='bbox 476 1214 788 1267; x_wconf 88' lang='lat' dir='ltr'>provenientes,</span> <span class='ocrx_word' id='word_1_109' title='bbox 822 1214 1143 1267; x_wconf 76' lang='lat' dir='ltr'>sphaerosporas</span> <span class='ocrx_word' id='word_1_110' title='bbox 1166 1228 1325 1268; x_wconf 85' lang='lat' dir='ltr'>paucas</span> <span class='ocrx_word' id='word_1_111' title='bbox 1346 1215 1602 1256; x_wconf 89' lang='lat' dir='ltr'>rotundatas</span> 
     </span>
     <span class='ocr_line' id='line_1_17' title="bbox 183 1282 874 1337; baseline 0 -14"><span class='ocrx_word' id='word_1_112' title='bbox 183 1283 400 1337; x_wconf 88' lang='lat' dir='ltr'>triangule</span> <span class='ocrx_word' id='word_1_113' title='bbox 431 1282 589 1324; x_wconf 88' lang='lat' dir='ltr'>divisas</span> <span class='ocrx_word' id='word_1_114' title='bbox 621 1282 874 1324; x_wconf 84' lang='lat' dir='ltr'>evolventes.</span> 
     </span>
    </p>
   </div>
   <div class='ocr_carea' id='block_1_4' title="bbox 67 1384 1600 2875">
    <p class='ocr_par' dir='ltr' id='par_1_4' title="bbox 67 1384 1600 2056">
     <span class='ocr_line' id='line_1_18' title="bbox 184 1384 1599 1439; baseline 0.001 -14"><span class='ocrx_word' id='word_1_115' title='bbox 184 1385 235 1426; x_wconf 93' lang='lat' dir='ltr'>In</span> <span class='ocrx_word' id='word_1_116' title='bbox 255 1384 372 1426; x_wconf 88' lang='lat' dir='ltr'>Bidr.</span> <span class='ocrx_word' id='word_1_117' title='bbox 394 1384 555 1426; x_wconf 88' lang='lat' dir='ltr'>Florid.</span> <span class='ocrx_word' id='word_1_118' title='bbox 587 1384 697 1438; x_wconf 83' lang='lat' dir='ltr'>Syst.</span> <span class='ocrx_word' id='word_1_119' title='bbox 721 1385 910 1426; x_wconf 87' lang='lat' dir='ltr'>rationes</span> <span class='ocrx_word' id='word_1_120' title='bbox 926 1385 1017 1439; x_wconf 85' lang='lat' dir='ltr'>jam</span> <span class='ocrx_word' id='word_1_121' title='bbox 1040 1385 1180 1436; x_wconf 90' lang='lat' dir='ltr'>attuli,</span> <span class='ocrx_word' id='word_1_122' title='bbox 1213 1398 1320 1438; x_wconf 85' lang='lat' dir='ltr'>quae,</span> <span class='ocrx_word' id='word_1_123' title='bbox 1352 1398 1419 1425; x_wconf 90' lang='lat' dir='ltr'>me</span> <span class='ocrx_word' id='word_1_124' title='bbox 1445 1385 1599 1438; x_wconf 85' lang='lat' dir='ltr'>judice,</span> 
     </span>
     <span class='ocr_line' id='line_1_19' title="bbox 71 1452 1599 1507; baseline -0.001 -13"><span class='ocrx_word' id='word_1_125' title='bbox 71 1452 321 1507; x_wconf 85' lang='lat' dir='ltr'>Nitophylla</span> <span class='ocrx_word' id='word_1_126' title='bbox 342 1467 439 1494; x_wconf 88' lang='lat' dir='ltr'>cum</span> <span class='ocrx_word' id='word_1_127' title='bbox 459 1452 710 1507; x_wconf 84' lang='lat' dir='ltr'>Hymenena</span> <span class='ocrx_word' id='word_1_128' title='bbox 740 1456 782 1494; x_wconf 90' lang='lat' dir='ltr'>et</span> <span class='ocrx_word' id='word_1_129' title='bbox 810 1452 1112 1507; x_wconf 78' lang='lat' dir='ltr'>Botryoglosso</span> <span class='ocrx_word' id='word_1_130' title='bbox 1144 1454 1402 1507; x_wconf 85' lang='lat' dir='ltr'>conjungere</span> <span class='ocrx_word' id='word_1_131' title='bbox 1432 1458 1599 1507; x_wconf 86' lang='lat' dir='ltr'>urgent.</span> 
     </span>
     <span class='ocr_line' id='line_1_20' title="bbox 72 1511 1599 1576; baseline 0 -13"><span class='ocrx_word' id='word_1_132' title='bbox 72 1522 122 1563; x_wconf 92' lang='lat' dir='ltr'>In</span> <span class='ocrx_word' id='word_1_133' title='bbox 152 1536 413 1576; x_wconf 86' lang='lat' dir='ltr'>unoquoque</span> <span class='ocrx_word' id='word_1_134' title='bbox 443 1521 533 1563; x_wconf 86' lang='lat' dir='ltr'>fere</span> <span class='ocrx_word' id='word_1_135' title='bbox 564 1511 677 1576; x_wconf 73' lang='lat' dir='ltr'>typo,</span> <span class='ocrx_word' id='word_1_136' title='bbox 711 1536 837 1575; x_wconf 87' lang='lat' dir='ltr'>quem</span> <span class='ocrx_word' id='word_1_137' title='bbox 882 1523 998 1563; x_wconf 87' lang='lat' dir='ltr'>intra</span> <span class='ocrx_word' id='word_1_138' title='bbox 1042 1521 1294 1576; x_wconf 82' lang='lat' dir='ltr'>Nitophylla</span> <span class='ocrx_word' id='word_1_139' title='bbox 1339 1522 1599 1575; x_wconf 84' lang='lat' dir='ltr'>distinguere</span> 
     </span>
     <span class='ocr_line' id='line_1_21' title="bbox 76 1590 1599 1644; baseline 0 -13"><span class='ocrx_word' id='word_1_140' title='bbox 76 1590 188 1641; x_wconf 86' lang='lat' dir='ltr'>licet,</span> <span class='ocrx_word' id='word_1_141' title='bbox 222 1591 382 1644; x_wconf 87' lang='lat' dir='ltr'>species</span> <span class='ocrx_word' id='word_1_142' title='bbox 414 1604 592 1631; x_wconf 87' lang='lat' dir='ltr'>venosas</span> <span class='ocrx_word' id='word_1_143' title='bbox 623 1594 665 1631; x_wconf 88' lang='lat' dir='ltr'>et</span> <span class='ocrx_word' id='word_1_144' title='bbox 697 1591 882 1641; x_wconf 87' lang='lat' dir='ltr'>avenias,</span> <span class='ocrx_word' id='word_1_145' title='bbox 923 1591 1138 1644; x_wconf 85' lang='lat' dir='ltr'>stipitatas</span> <span class='ocrx_word' id='word_1_146' title='bbox 1169 1595 1289 1632; x_wconf 90' lang='lat' dir='ltr'>costa</span> <span class='ocrx_word' id='word_1_147' title='bbox 1319 1603 1450 1644; x_wconf 88' lang='lat' dir='ltr'>supra</span> <span class='ocrx_word' id='word_1_148' title='bbox 1480 1591 1599 1644; x_wconf 88' lang='lat' dir='ltr'>stipi-</span> 
     </span>
     <span class='ocr_line' id='line_1_22' title="bbox 74 1660 1600 1715; baseline 0 -14"><span class='ocrx_word' id='word_1_149' title='bbox 74 1665 160 1701; x_wconf 89' lang='lat' dir='ltr'>tem</span> <span class='ocrx_word' id='word_1_150' title='bbox 192 1675 290 1703; x_wconf 85' lang='lat' dir='ltr'>mox</span> <span class='ocrx_word' id='word_1_151' title='bbox 321 1664 611 1711; x_wconf 74' lang='lat' dir='ltr'>evanescente,</span> <span class='ocrx_word' id='word_1_152' title='bbox 645 1664 687 1701; x_wconf 88' lang='lat' dir='ltr'>et</span> <span class='ocrx_word' id='word_1_153' title='bbox 717 1661 1008 1703; x_wconf 88' lang='lat' dir='ltr'>caulescentes</span> <span class='ocrx_word' id='word_1_154' title='bbox 1040 1661 1208 1715; x_wconf 89' lang='lat' dir='ltr'>longius</span> <span class='ocrx_word' id='word_1_155' title='bbox 1240 1660 1452 1714; x_wconf 88' lang='lat' dir='ltr'>producta</span> <span class='ocrx_word' id='word_1_156' title='bbox 1481 1664 1600 1702; x_wconf 88' lang='lat' dir='ltr'>costa</span> 
     </span>
     <span class='ocr_line' id='line_1_23' title="bbox 72 1727 1596 1783; baseline -0.001 -13"><span class='ocrx_word' id='word_1_157' title='bbox 72 1729 316 1770; x_wconf 88' lang='lat' dir='ltr'>instructas.</span> <span class='ocrx_word' id='word_1_158' title='bbox 359 1728 486 1770; x_wconf 85' lang='lat' dir='ltr'>Soros</span> <span class='ocrx_word' id='word_1_159' title='bbox 516 1728 776 1783; x_wconf 83' lang='lat' dir='ltr'>Hymenenae</span> <span class='ocrx_word' id='word_1_160' title='bbox 807 1728 966 1770; x_wconf 83' lang='lat' dir='ltr'>similes</span> <span class='ocrx_word' id='word_1_161' title='bbox 997 1730 1043 1770; x_wconf 88' lang='lat' dir='ltr'>in</span> <span class='ocrx_word' id='word_1_162' title='bbox 1074 1728 1290 1770; x_wconf 90' lang='lat' dir='ltr'>nonnullis</span> <span class='ocrx_word' id='word_1_163' title='bbox 1323 1727 1596 1782; x_wconf 85' lang='lat' dir='ltr'>Nitophyllis,</span> 
     </span>
     <span class='ocr_line' id='line_1_24' title="bbox 71 1796 1597 1852; baseline -0.001 -14"><span class='ocrx_word' id='word_1_164' title='bbox 71 1796 364 1852; x_wconf 82' lang='lat' dir='ltr'>Botryoglossi</span> <span class='ocrx_word' id='word_1_165' title='bbox 394 1797 438 1838; x_wconf 89' lang='lat' dir='ltr'>in</span> <span class='ocrx_word' id='word_1_166' title='bbox 469 1796 565 1838; x_wconf 89' lang='lat' dir='ltr'>aliis</span> <span class='ocrx_word' id='word_1_167' title='bbox 611 1797 831 1839; x_wconf 89' lang='lat' dir='ltr'>habemus.</span> <span class='ocrx_word' id='word_1_168' title='bbox 892 1796 1224 1839; x_wconf 88' lang='lat' dir='ltr'>Characteribus</span> <span class='ocrx_word' id='word_1_169' title='bbox 1269 1796 1413 1837; x_wconf 88' lang='lat' dir='ltr'>allatis</span> <span class='ocrx_word' id='word_1_170' title='bbox 1452 1796 1597 1849; x_wconf 89' lang='lat' dir='ltr'>itaque</span> 
     </span>
     <span class='ocr_line' id='line_1_25' title="bbox 70 1864 1597 1920; baseline -0.001 -15"><span class='ocrx_word' id='word_1_171' title='bbox 70 1865 161 1907; x_wconf 88' lang='lat' dir='ltr'>haec</span> <span class='ocrx_word' id='word_1_172' title='bbox 206 1879 366 1920; x_wconf 88' lang='lat' dir='ltr'>genera</span> <span class='ocrx_word' id='word_1_173' title='bbox 409 1865 526 1906; x_wconf 87' lang='lat' dir='ltr'>haud</span> <span class='ocrx_word' id='word_1_174' title='bbox 572 1865 877 1919; x_wconf 84' lang='lat' dir='ltr'>distinguenda</span> <span class='ocrx_word' id='word_1_175' title='bbox 915 1879 1019 1916; x_wconf 91' lang='lat' dir='ltr'>esse,</span> <span class='ocrx_word' id='word_1_176' title='bbox 1056 1865 1161 1906; x_wconf 90' lang='lat' dir='ltr'>mihi</span> <span class='ocrx_word' id='word_1_177' title='bbox 1191 1865 1296 1906; x_wconf 88' lang='lat' dir='ltr'>satis</span> <span class='ocrx_word' id='word_1_178' title='bbox 1326 1864 1597 1917; x_wconf 87' lang='lat' dir='ltr'>perspicuum</span> 
     </span>
     <span class='ocr_line' id='line_1_26' title="bbox 67 1931 1598 1988; baseline -0.002 -13"><span class='ocrx_word' id='word_1_179' title='bbox 67 1934 249 1976; x_wconf 88' lang='lat' dir='ltr'>videtur.</span> <span class='ocrx_word' id='word_1_180' title='bbox 311 1932 596 1988; x_wconf 82' lang='lat' dir='ltr'>Aglaophylla</span> <span class='ocrx_word' id='word_1_181' title='bbox 627 1937 668 1974; x_wconf 86' lang='lat' dir='ltr'>et</span> <span class='ocrx_word' id='word_1_182' title='bbox 700 1932 1035 1988; x_wconf 86' lang='lat' dir='ltr'>Cryptopleuras</span> <span class='ocrx_word' id='word_1_183' title='bbox 1066 1933 1330 1987; x_wconf 85' lang='lat' dir='ltr'>distinguere</span> <span class='ocrx_word' id='word_1_184' title='bbox 1361 1931 1496 1973; x_wconf 87' lang='lat' dir='ltr'>multo</span> <span class='ocrx_word' id='word_1_185' title='bbox 1518 1932 1598 1972; x_wconf 88' lang='lat' dir='ltr'>mi-</span> 
     </span>
     <span class='ocr_line' id='line_1_27' title="bbox 68 2002 358 2056; baseline 0 -13"><span class='ocrx_word' id='word_1_186' title='bbox 68 2016 148 2044; x_wconf 90' lang='lat' dir='ltr'>nus</span> <span class='ocrx_word' id='word_1_187' title='bbox 179 2002 358 2056; x_wconf 88' lang='lat' dir='ltr'>placeat.</span> 
     </span>
    </p>

    <p class='ocr_par' dir='ltr' id='par_1_5' title="bbox 67 2068 1597 2875">
     <span class='ocr_line' id='line_1_28' title="bbox 182 2068 1596 2123; baseline -0.001 -12"><span class='ocrx_word' id='word_1_188' title='bbox 182 2072 248 2112; x_wconf 91' lang='lat' dir='ltr'>An</span> <span class='ocrx_word' id='word_1_189' title='bbox 279 2071 374 2112; x_wconf 88' lang='lat' dir='ltr'>aliis</span> <span class='ocrx_word' id='word_1_190' title='bbox 405 2070 729 2112; x_wconf 83' lang='lat' dir='ltr'>characteribus</span> <span class='ocrx_word' id='word_1_191' title='bbox 760 2083 960 2123; x_wconf 86' lang='lat' dir='ltr'>separare</span> <span class='ocrx_word' id='word_1_192' title='bbox 991 2069 1091 2110; x_wconf 89' lang='lat' dir='ltr'>licet</span> <span class='ocrx_word' id='word_1_193' title='bbox 1131 2069 1338 2111; x_wconf 84' lang='lat' dir='ltr'>sectiones</span> <span class='ocrx_word' id='word_1_194' title='bbox 1375 2068 1596 2110; x_wconf 89' lang='lat' dir='ltr'>naturales</span> 
     </span>
     <span class='ocr_line' id='line_1_29' title="bbox 69 2137 1597 2193; baseline -0.002 -12"><span class='ocrx_word' id='word_1_195' title='bbox 69 2140 249 2181; x_wconf 83' lang='lat' dir='ltr'>Generis</span> <span class='ocrx_word' id='word_1_196' title='bbox 279 2139 425 2181; x_wconf 86' lang='lat' dir='ltr'>forsan</span> <span class='ocrx_word' id='word_1_197' title='bbox 456 2139 592 2193; x_wconf 86' lang='lat' dir='ltr'>magis</span> <span class='ocrx_word' id='word_1_198' title='bbox 624 2139 821 2185; x_wconf 72' lang='lat' dir='ltr'>dubium3</span> <span class='ocrx_word' id='word_1_199' title='bbox 869 2137 1132 2179; x_wconf 82' lang='lat' dir='ltr'>differentias</span> <span class='ocrx_word' id='word_1_200' title='bbox 1178 2137 1327 2179; x_wconf 81' lang='lat' dir='ltr'>adesse</span> <span class='ocrx_word' id='word_1_201' title='bbox 1355 2137 1482 2179; x_wconf 91' lang='lat' dir='ltr'>hodie</span> <span class='ocrx_word' id='word_1_202' title='bbox 1507 2137 1597 2191; x_wconf 87' lang='lat' dir='ltr'>jam</span> 
     </span>
     <span class='ocr_line' id='line_1_30' title="bbox 74 2205 1596 2249; baseline -0.003 0"><span class='ocrx_word' id='word_1_203' title='bbox 74 2208 180 2249; x_wconf 88' lang='lat' dir='ltr'>satis</span> <span class='ocrx_word' id='word_1_204' title='bbox 211 2212 390 2249; x_wconf 84' lang='lat' dir='ltr'>constat.</span> <span class='ocrx_word' id='word_1_205' title='bbox 450 2206 674 2248; x_wconf 87' lang='lat' dir='ltr'>Laminam</span> <span class='ocrx_word' id='word_1_206' title='bbox 721 2206 782 2246; x_wconf 86' lang='lat' dir='ltr'>ita</span> <span class='ocrx_word' id='word_1_207' title='bbox 826 2207 869 2246; x_wconf 91' lang='lat' dir='ltr'>in</span> <span class='ocrx_word' id='word_1_208' title='bbox 914 2205 1130 2247; x_wconf 89' lang='lat' dir='ltr'>nonnullis</span> <span class='ocrx_word' id='word_1_209' title='bbox 1176 2205 1596 2247; x_wconf 86' lang='lat' dir='ltr'>monostromaticam</span> 
     </span>
     <span class='ocr_line' id='line_1_31' title="bbox 71 2273 1595 2328; baseline -0.003 -10"><span class='ocrx_word' id='word_1_210' title='bbox 71 2289 183 2328; x_wconf 90' lang='lat' dir='ltr'>esse;</span> <span class='ocrx_word' id='word_1_211' title='bbox 215 2277 259 2317; x_wconf 90' lang='lat' dir='ltr'>in</span> <span class='ocrx_word' id='word_1_212' title='bbox 289 2276 385 2317; x_wconf 89' lang='lat' dir='ltr'>aliis</span> <span class='ocrx_word' id='word_1_213' title='bbox 416 2276 547 2317; x_wconf 89' lang='lat' dir='ltr'>series</span> <span class='ocrx_word' id='word_1_214' title='bbox 578 2276 688 2316; x_wconf 87' lang='lat' dir='ltr'>inter</span> <span class='ocrx_word' id='word_1_215' title='bbox 719 2273 898 2315; x_wconf 89' lang='lat' dir='ltr'>cellulas</span> <span class='ocrx_word' id='word_1_216' title='bbox 929 2273 1218 2327; x_wconf 89' lang='lat' dir='ltr'>superficiales</span> <span class='ocrx_word' id='word_1_217' title='bbox 1264 2273 1409 2326; x_wconf 85' lang='lat' dir='ltr'>plures</span> <span class='ocrx_word' id='word_1_218' title='bbox 1448 2285 1595 2314; x_wconf 84' lang='lat' dir='ltr'>nume-</span> 
     </span>
     <span class='ocr_line' id='line_1_32' title="bbox 72 2341 1597 2397; baseline -0.002 -12"><span class='ocrx_word' id='word_1_219' title='bbox 72 2345 163 2385; x_wconf 87' lang='lat' dir='ltr'>rari</span> <span class='ocrx_word' id='word_1_220' title='bbox 194 2343 412 2397; x_wconf 90' lang='lat' dir='ltr'>cognitum</span> <span class='ocrx_word' id='word_1_221' title='bbox 442 2346 518 2384; x_wconf 92' lang='lat' dir='ltr'>est.</span> <span class='ocrx_word' id='word_1_222' title='bbox 558 2343 608 2384; x_wconf 91' lang='lat' dir='ltr'>In</span> <span class='ocrx_word' id='word_1_223' title='bbox 639 2342 861 2396; x_wconf 86' lang='lat' dir='ltr'>speciebus</span> <span class='ocrx_word' id='word_1_224' title='bbox 882 2342 1281 2393; x_wconf 86' lang='lat' dir='ltr'>monostromaticis,</span> <span class='ocrx_word' id='word_1_225' title='bbox 1305 2355 1488 2395; x_wconf 85' lang='lat' dir='ltr'>quarum</span> <span class='ocrx_word' id='word_1_226' title='bbox 1510 2341 1597 2383; x_wconf 88' lang='lat' dir='ltr'>sori</span> 
     </span>
     <span class='ocr_line' id='line_1_33' title="bbox 71 2409 1595 2465; baseline -0.002 -12"><span class='ocrx_word' id='word_1_227' title='bbox 71 2413 212 2465; x_wconf 87' lang='lat' dir='ltr'>sparsi</span> <span class='ocrx_word' id='word_1_228' title='bbox 242 2411 424 2463; x_wconf 88' lang='lat' dir='ltr'>ocellati,</span> <span class='ocrx_word' id='word_1_229' title='bbox 456 2411 618 2452; x_wconf 89' lang='lat' dir='ltr'>lamina</span> <span class='ocrx_word' id='word_1_230' title='bbox 649 2411 727 2452; x_wconf 88' lang='lat' dir='ltr'>sub</span> <span class='ocrx_word' id='word_1_231' title='bbox 759 2424 856 2451; x_wconf 89' lang='lat' dir='ltr'>soro</span> <span class='ocrx_word' id='word_1_232' title='bbox 902 2411 1027 2463; x_wconf 87' lang='lat' dir='ltr'>quasi</span> <span class='ocrx_word' id='word_1_233' title='bbox 1068 2410 1311 2452; x_wconf 88' lang='lat' dir='ltr'>inordinate</span> <span class='ocrx_word' id='word_1_234' title='bbox 1355 2409 1595 2451; x_wconf 88' lang='lat' dir='ltr'>incrassata</span> 
     </span>
     <span class='ocr_line' id='line_1_34' title="bbox 67 2478 1594 2534; baseline -0.001 -13"><span class='ocrx_word' id='word_1_235' title='bbox 67 2479 232 2522; x_wconf 91' lang='lat' dir='ltr'>cellulis</span> <span class='ocrx_word' id='word_1_236' title='bbox 278 2479 568 2534; x_wconf 78' lang='lat' dir='ltr'>superpositis,</span> <span class='ocrx_word' id='word_1_237' title='bbox 602 2479 718 2533; x_wconf 87' lang='lat' dir='ltr'>quod</span> <span class='ocrx_word' id='word_1_238' title='bbox 749 2483 894 2520; x_wconf 87' lang='lat' dir='ltr'>tamen</span> <span class='ocrx_word' id='word_1_239' title='bbox 925 2479 967 2518; x_wconf 92' lang='lat' dir='ltr'>in</span> <span class='ocrx_word' id='word_1_240' title='bbox 999 2478 1196 2520; x_wconf 88' lang='lat' dir='ltr'>omnibus</span> <span class='ocrx_word' id='word_1_241' title='bbox 1243 2478 1445 2520; x_wconf 89' lang='lat' dir='ltr'>obvenire</span> <span class='ocrx_word' id='word_1_242' title='bbox 1490 2478 1594 2519; x_wconf 90' lang='lat' dir='ltr'>mihi</span> 
     </span>
     <span class='ocr_line' id='line_1_35' title="bbox 70 2545 1594 2601; baseline -0.001 -11"><span class='ocrx_word' id='word_1_243' title='bbox 70 2563 155 2590; x_wconf 90' lang='lat' dir='ltr'>non</span> <span class='ocrx_word' id='word_1_244' title='bbox 185 2552 361 2590; x_wconf 90' lang='lat' dir='ltr'>certum.</span> <span class='ocrx_word' id='word_1_245' title='bbox 422 2548 470 2589; x_wconf 94' lang='lat' dir='ltr'>In</span> <span class='ocrx_word' id='word_1_246' title='bbox 501 2549 564 2599; x_wconf 90' lang='lat' dir='ltr'>iis,</span> <span class='ocrx_word' id='word_1_247' title='bbox 597 2561 782 2601; x_wconf 86' lang='lat' dir='ltr'>quarum</span> <span class='ocrx_word' id='word_1_248' title='bbox 827 2547 915 2589; x_wconf 88' lang='lat' dir='ltr'>sori</span> <span class='ocrx_word' id='word_1_249' title='bbox 961 2550 1060 2587; x_wconf 89' lang='lat' dir='ltr'>sunt</span> <span class='ocrx_word' id='word_1_250' title='bbox 1106 2545 1377 2601; x_wconf 78' lang='lat' dir='ltr'>marginales,</span> <span class='ocrx_word' id='word_1_251' title='bbox 1411 2550 1594 2588; x_wconf 85' lang='lat' dir='ltr'>stratum</span> 
     </span>
     <span class='ocr_line' id='line_1_36' title="bbox 67 2614 1592 2670; baseline -0.001 -13"><span class='ocrx_word' id='word_1_252' title='bbox 67 2616 226 2670; x_wconf 85' lang='lat' dir='ltr'>duplex</span> <span class='ocrx_word' id='word_1_253' title='bbox 255 2617 378 2658; x_wconf 86' lang='lat' dir='ltr'>adest</span> <span class='ocrx_word' id='word_1_254' title='bbox 408 2621 450 2658; x_wconf 92' lang='lat' dir='ltr'>et</span> <span class='ocrx_word' id='word_1_255' title='bbox 480 2616 705 2670; x_wconf 84' lang='lat' dir='ltr'>utriusque</span> <span class='ocrx_word' id='word_1_256' title='bbox 735 2616 902 2670; x_wconf 87' lang='lat' dir='ltr'>paginae</span> <span class='ocrx_word' id='word_1_257' title='bbox 934 2615 1097 2656; x_wconf 85' lang='lat' dir='ltr'>cellulae</span> <span class='ocrx_word' id='word_1_258' title='bbox 1130 2614 1360 2668; x_wconf 84' lang='lat' dir='ltr'>sporiferae.</span> <span class='ocrx_word' id='word_1_259' title='bbox 1402 2615 1469 2655; x_wconf 83' lang='lat' dir='ltr'>Ita</span> <span class='ocrx_word' id='word_1_260' title='bbox 1489 2628 1592 2668; x_wconf 85' lang='lat' dir='ltr'>quo-</span> 
     </span>
     <span class='ocr_line' id='line_1_37' title="bbox 68 2682 1591 2738; baseline -0.002 -12"><span class='ocrx_word' id='word_1_261' title='bbox 68 2698 151 2738; x_wconf 88' lang='lat' dir='ltr'>que</span> <span class='ocrx_word' id='word_1_262' title='bbox 181 2685 225 2725; x_wconf 89' lang='lat' dir='ltr'>in</span> <span class='ocrx_word' id='word_1_263' title='bbox 256 2684 352 2726; x_wconf 89' lang='lat' dir='ltr'>aliis</span> <span class='ocrx_word' id='word_1_264' title='bbox 384 2697 487 2736; x_wconf 85' lang='lat' dir='ltr'>esse,</span> <span class='ocrx_word' id='word_1_265' title='bbox 520 2698 705 2738; x_wconf 87' lang='lat' dir='ltr'>quarum</span> <span class='ocrx_word' id='word_1_266' title='bbox 735 2684 897 2725; x_wconf 85' lang='lat' dir='ltr'>lamina</span> <span class='ocrx_word' id='word_1_267' title='bbox 917 2683 1158 2724; x_wconf 81' lang='lat' dir='ltr'>incrassata</span> <span class='ocrx_word' id='word_1_268' title='bbox 1178 2682 1376 2735; x_wconf 87' lang='lat' dir='ltr'>pluribus</span> <span class='ocrx_word' id='word_1_269' title='bbox 1397 2682 1591 2723; x_wconf 90' lang='lat' dir='ltr'>seriebus</span> 
     </span>
     <span class='ocr_line' id='line_1_38' title="bbox 71 2750 1591 2804; baseline -0.002 -11"><span class='ocrx_word' id='word_1_270' title='bbox 71 2752 324 2794; x_wconf 86' lang='lat' dir='ltr'>cellularum</span> <span class='ocrx_word' id='word_1_271' title='bbox 355 2757 535 2804; x_wconf 85' lang='lat' dir='ltr'>constat,</span> <span class='ocrx_word' id='word_1_272' title='bbox 567 2752 692 2794; x_wconf 87' lang='lat' dir='ltr'>facile</span> <span class='ocrx_word' id='word_1_273' title='bbox 724 2752 961 2802; x_wconf 82' lang='lat' dir='ltr'>crederem3</span> <span class='ocrx_word' id='word_1_274' title='bbox 994 2765 1047 2792; x_wconf 89' lang='lat' dir='ltr'>an</span> <span class='ocrx_word' id='word_1_275' title='bbox 1079 2765 1179 2793; x_wconf 86' lang='lat' dir='ltr'>vero</span> <span class='ocrx_word' id='word_1_276' title='bbox 1201 2763 1368 2803; x_wconf 86' lang='lat' dir='ltr'>semper</span> <span class='ocrx_word' id='word_1_277' title='bbox 1388 2750 1591 2798; x_wconf 87' lang='lat' dir='ltr'>obtineat,</span> 
     </span>
     <span class='ocr_line' id='line_1_39' title="bbox 68 2818 1591 2875; baseline -0.002 -14"><span class='ocrx_word' id='word_1_278' title='bbox 68 2822 223 2862; x_wconf 87' lang='lat' dir='ltr'>nescio.</span> <span class='ocrx_word' id='word_1_279' title='bbox 286 2821 567 2875; x_wconf 82' lang='lat' dir='ltr'>Cystocarpia</span> <span class='ocrx_word' id='word_1_280' title='bbox 604 2821 787 2875; x_wconf 84' lang='lat' dir='ltr'>denique</span> <span class='ocrx_word' id='word_1_281' title='bbox 818 2822 860 2862; x_wconf 89' lang='lat' dir='ltr'>in</span> <span class='ocrx_word' id='word_1_282' title='bbox 891 2819 1036 2861; x_wconf 84' lang='lat' dir='ltr'>multis</span> <span class='ocrx_word' id='word_1_283' title='bbox 1068 2834 1151 2861; x_wconf 91' lang='lat' dir='ltr'>non</span> <span class='ocrx_word' id='word_1_284' title='bbox 1182 2819 1303 2860; x_wconf 91' lang='lat' dir='ltr'>licuit</span> <span class='ocrx_word' id='word_1_285' title='bbox 1333 2818 1591 2860; x_wconf 84' lang='lat' dir='ltr'>examinare.</span> 
     </span>
    </p>
   </div>
  </div>
 </body>
</html>
