1762 3036
81 105 327 161 quartina.
417 130 423 133 ·
715 109 996 153 GIGARTINEAE,
1535 115 1611 155 191

172 220 335 266 Species,
364 223 405 255 ut
423 220 590 266 videtur,
610 222 666 256 sui
680 222 792 267 juris,
811 223 1006 268 plerisque
1024 223 1188 269 tenuior,
1207 225 1491 262 characteribus
1511 238 1614 273 aegre

83 277 309 321 definienda,
338 280 440 312 statu
467 279 592 313 sterili
624 280 817 324 hucusque
853 283 1003 315 tantum
1041 282 1243 317 observata
1266 279 1426 327 ideoQue
1451 284 1490 318 in
1517 285 1615 319 serie

82 335 289 380 specierum
320 347 395 370 non
422 339 525 371 certe
553 337 803 382 disponenda.
851 338 1015 372 Fructus
1049 339 1195 383 cogniti
1219 340 1347 374 forsan
1373 341 1614 375 characteres

82 390 391 436 suppeditabunt.
442 392 657 437 Specimina
681 405 801 439 pauca
826 396 974 428 tantum
1008 394 1099 429 vidi.
1150 396 1289 430 Exstat
1315 397 1361 431 ad
1387 408 1471 431 oras
1497 397 1613 432 Novae

80 448 270 483 Zelandiae
297 449 437 484 Gelidii
464 451 624 495 species,
645 454 804 487 externa
827 451 947 486 forma
973 453 1193 497 subsimilis,
1220 454 1435 489 substantia
1460 457 1498 489 et
1516 458 1614 489 stru-

80 510 185 541 ctura
211 507 484 542 diversissima.
534 509 577 544 G.
606 510 840 555 Chapmanni
866 510 978 545 offert
1010 514 1240 547 structuram
1277 513 1503 559 Gigartinae,
1539 512 1614 548 filis

78 563 325 599 interioribus
363 566 604 611 paucioribus
642 567 875 603 reticulatim
913 570 1298 614 anastomosantibus,
1331 571 1467 605 mediis
1492 569 1613 615 magis

77 621 412 667 longitudinaliter
439 627 744 661 excurrentibus

78 715 114 756 5.
152 715 219 757 G?
250 730 504 760 GELATINOSA
534 719 603 774 (J.
637 720 718 773 Ay.
750 723 895 776 mser.)
934 720 1084 763 fronde
1121 722 1401 763 teretiuscula
1437 723 1615 777 subpin-

190 786 327 826 natim
358 800 542 838 ramosa,
565 789 698 830 ramis
720 804 1065 843 quoquoversum
1104 791 1426 844 egredientibus
1463 796 1614 845 paten-

189 853 368 895 tissimis
399 855 455 897 ad
486 856 633 898 basem
667 858 996 908 subcontractis‚
1035 858 1225 912 pinnulis
1264 859 1614 903 aculeiformibus

189 923 623 975 subhorizontalibus,
657 928 935 982 cystocarpiis
972 928 1258 985 (immaturis)
1294 930 1507 972 immersis
1539 935 1615 973 aut

189 1005 345 1044 parum
376 994 643 1046 prominulis.

341 1061 391 1102 In
423 1062 593 1105 Oceano
623 1064 814 1117 pacifico.

166 1152 225 1185 An
258 1151 342 1196 Gis).
369 1152 490 1187 mollis
516 1154 634 1188 Baill.
661 1157 695 1188 ct
720 1155 840 1190 Harv.
867 1156 908 1190 in
932 1155 1023 1190 Ner.
1055 1157 1146 1192 Bor.
1174 1158 1297 1192 Amer.
1318 1170 1359 1202 p.
1387 1159 1480 1193 175?
1508 1159 1613 1203 cujus

74 1211 201 1243 tamen
227 1209 353 1254 pinnae
381 1210 624 1255 pinnulaeque
651 1212 852 1247 admodum
879 1217 1017 1248 crectae
1045 1214 1238 1258 dicuntur,
1265 1216 1363 1259 quod
1388 1216 1427 1249 in
1445 1219 1614 1250 nostram

74 1266 175 1300 haud
200 1267 372 1311 quadrat.
424 1268 535 1303 Color
571 1271 715 1303 nostrae
752 1281 965 1315 purpureus
1005 1274 1045 1306 et
1082 1273 1299 1307 substantia
1335 1273 1455 1319 magis
1488 1273 1613 1308 mollis

74 1325 290 1369 gelatinosa
314 1335 424 1369 quam
451 1326 489 1359 in
516 1327 712 1371 proximis.

73 1441 140 1462 ἢ*
175 1441 347 1485 Fronde
377 1456 428 1485 ex
459 1446 576 1485 tereti
608 1457 850 1497 compressa
887 1444 1144 1487 subdistiohe
1165 1447 1369 1499 pinnata,
1402 1451 1612 1500 cystoear-

680 1514 775 1565 piis
805 1515 988 1566 sparsis.

74 1614 111 1653 G.
144 1613 193 1656 G.
228 1628 458 1656 BRACHIATA
489 1615 645 1668 (Harv.
678 1616 775 1669 Azy.
808 1620 943 1658 austr.
976 1631 1061 1659 exs.
1094 1632 1164 1660 wo
1211 1619 1314 1674 397)
1361 1618 1515 1661 fronde
1561 1634 1612 1662 ex

185 1684 313 1724 tereti
344 1698 591 1737 compressa
635 1685 1048 1734 submenibranacea
1092 1686 1247 1728 lineari
1291 1687 1502 1740 pinnatim
1539 1688 1612 1730 de-

184 1753 423 1806 composita
453 1753 595 1806 pinnis
628 1753 907 1795 subdistichis
947 1754 1120 1796 demum
1161 1756 1486 1809 patentissimis,
1524 1760 1612 1798 ter-

185 1821 418 1863 minalibus
449 1821 887 1874 elongato-subulatis
916 1822 1005 1864 fere
1026 1822 1312 1876 filiformibus‚
1335 1825 1442 1866 soris
1474 1825 1611 1879 sphae-

187 1904 466 1943 rosporarum
499 1890 708 1944 oblongis,
741 1892 1020 1945 cystocarpiis
1051 1891 1108 1933 ad
1131 1892 1431 1947 submargines
1453 1894 1612 1936 sessili-

189 1959 267 2000 bus
299 1959 460 2012 sparsis
498 1959 671 2000 denium
716 1961 940 2001 truncatis.
988 1960 1126 2002 Here.
1163 1961 1232 2003 Fz.
1269 1962 1415 2004 Tasm.
1439 1977 1486 2016 p.
1519 1964 1612 2004 325.

185 2026 403 2080 Adspectu
435 2027 765 2082 Grateloupiam
795 2027 1001 2070 filicinam
1032 2029 1350 2083 quodammodo
1381 2030 1526 2072 refert.

338 2097 404 2138 Ad
435 2096 725 2139 Tasmaniam.

70 2190 109 2230 7.
141 2190 190 2232 G.
222 2191 400 2232 BINDERJ
431 2191 593 2245 (Ham).
631 2191 759 2245 Pleqse.
792 2195 928 2233 austr.
964 2192 1063 2245 Svstz.
1094 2206 1166 2234 wo
1198 2193 1300 2247 565)
1330 2191 1482 2233 fronde
1513 2191 1608 2234 bre-

183 2259 765 2302 viusculacarnoso-crassa
809 2260 976 2301 inferne
1022 2260 1262 2301 evidentius
1309 2274 1554 2314 compressa
1585 2275 1611 2301 a

183 2327 323 2368 medio
356 2327 536 2368 distiche
568 2328 748 2381 pinnata
778 2328 923 2381 pinnis
954 2328 1267 2381 patentissimis
1289 2328 1419 2370 dense
1441 2329 1608 2370 decom-

181 2396 345 2449 positis,
384 2395 635 2437 rachidibus
681 2395 980 2450 complanatis,
1026 2396 1217 2450 pinnulis
1262 2397 1554 2439 teretiusculis
1584 2410 1611 2438 a

70 2560 124 2593 5a.
152 2559 194 2593 G.
222 2569 342 2593 Mortis
368 2558 504 2602 (Baizl.
530 2563 565 2594 et
589 2559 708 2595 Harv.
735 2561 776 2594 in
796 2560 883 2595 Bot.
902 2561 998 2606 eoepl.
1026 2560 1169 2606 eoeped.)
1194 2560 1330 2595 fronde
1356 2559 1609 2607 cartilaginea

159 2618 511 2661 plano—compressa
546 2616 683 2652 lineari
721 2618 886 2652 distiche
923 2618 1111 2663 pinnatim
1144 2630 1306 2662 ramosa,
1347 2618 1460 2652 ramis
1494 2619 1610 2653 alter-

159 2675 219 2708 nis
244 2677 310 2708 aut
335 2674 519 2718 oppositis
546 2675 684 2709 erectis
710 2676 792 2710 basi
827 2677 1051 2720 attenuatis,
1089 2675 1236 2709 inferne
1275 2674 1511 2709 nudiusculis
1549 2688 1608 2710 su-

159 2742 278 2776 perne
315 2731 497 2775 piniiatiS‚
535 2731 690 2767 ramulis
729 2733 874 2767 ultimis
913 2732 1086 2778 angustis
1126 2731 1449 2766 subfiliformibus.
1488 2733 1607 2768 Harv.

160 2789 249 2823 Ner.
278 2789 369 2823 Bor.
398 2788 520 2823 Amer.
541 2786 585 2834 μ’
609 2791 688 2824 175.

333 2846 429 2880 Hah.
455 2847 494 2880 in
519 2845 668 2881 Oceano
693 2848 849 2892 pacifico
874 2848 1018 2884 boreali
1044 2848 1091 2882 ad
1117 2847 1344 2883 Americam.
