1757 3114
99 147 178 188 568
725 142 998 183 HYPNEAOEAE.
1341 128 1622 185 Dasyphlaea.

100 274 197 301 rum
229 261 491 300 structuram
513 255 776 298 consimilem
798 254 883 296 vidi
905 254 948 294 in
970 253 1211 306 fragmento
1234 250 1486 305 speciminis,
1511 247 1625 302 quod

100 329 296 383 Harveyo
328 327 475 369 debeo.
535 326 717 367 Fructus
748 324 875 378 hujus
906 337 931 364 a
961 322 1128 363 nemine
1160 321 1384 363 observati.

104 434 139 474 1.
170 432 250 473 RH.
282 443 414 472 RUBRA
444 428 605 482 (Harv.
642 427 771 480 Phyle.
803 430 935 468 austr.
967 425 1049 466 tab.
1082 424 1183 478 280)
1205 422 1355 464 fronde
1377 435 1507 475 supra
1528 435 1627 462 cau-

214 501 297 542 lem
329 497 651 539 trunciformem
682 496 726 537 in
757 494 947 536 ramulos
992 492 1126 534 multo
1164 492 1379 533 tenuiores
1409 490 1629 532 filiformes

217 566 388 622 patulos
419 578 763 619 quoquoversum
795 562 1063 617 egredientes
1094 560 1240 611 divisa,
1274 559 1450 601 ramulis
1481 558 1629 600 subfu-

217 634 463 677 siformibus
494 633 697 686 utrinque
744 631 911 685 longius
950 629 1195 679 attenuatis,
1242 628 1455 670 fertilibus
1492 630 1627 681 cysto-

216 702 363 756 carpia
392 701 877 755 hemisphaerico-ovata,
901 712 926 740 a
948 696 1171 751 superficie
1202 696 1432 746 verticalia‚
1466 694 1632 737 sessilia

218 771 479 826 gerentibus.

276 840 384 882 Hab.
416 839 471 880 ad
501 839 623 881 littus
655 836 918 879 occidentale
949 835 1078 877 Novae
1109 833 1362 876 Hollandiae.

196 921 333 955 Planta
357 919 503 965 pedalis
529 919 695 961 videtur,
728 917 1158 963 sanguineo-purpurea,
1183 914 1331 949 inferne
1362 924 1524 958 pennam
1556 924 1635 948 cor-

108 981 233 1016 vinam
261 982 299 1014 et
324 979 422 1022 quod
449 980 603 1021 superat
636 988 773 1011 crassa,
814 986 977 1020 superne
1003 974 1041 1008 in
1068 973 1232 1007 ramulos
1270 975 1404 1006 tenues
1442 970 1636 1005 filisormes

109 1037 250 1072 sensim
275 1036 419 1071 abiens.
467 1034 575 1070 Rami
601 1033 766 1068 minores
799 1031 980 1067 exsiccati
1017 1029 1209 1065 articulati
1241 1029 1439 1073 adparent,
1466 1027 1636 1062 articulis

109 1095 295 1129 diametro
322 1092 544 1136 aequalibus.

108 1178 148 1218 ⁴2.
180 1176 259 1217 RH.
290 1188 469 1216 BULBOSA
499 1172 659 1227 (Harv.
695 1171 764 1213 Fl.
794 1171 937 1212 Tasm.
961 1169 1086 1221 [lp.
1109 1169 1206 1220 207)
1237 1166 1388 1208 fronde
1409 1180 1435 1207 a
1454 1165 1548 1208 basi
1569 1179 1639 1206 ra-

224 1257 355 1294 mosa,
389 1242 519 1283 ramis
552 1240 767 1294 primariis
799 1238 892 1280 basi
922 1234 1388 1285 incrassato-bulbosis,
1418 1233 1548 1276 bulbo
1571 1233 1643 1274 ob-

223 1312 353 1365 longo
402 1309 551 1360 solido,
598 1322 768 1349 sursum
814 1305 1087 1347 filiformibus
1127 1303 1294 1345 alterne
1333 1301 1643 1355 decompositis,

227 1379 493 1423 secundariis
525 1376 790 1430 ramulisque
827 1373 1134 1429 quoquoversis
1166 1371 1324 1426 sparsis
1356 1370 1520 1413 obtusis
1550 1370 1645 1411 basi

229 1448 475 1490 attenuatis.

381 1516 490 1558 Hab.
523 1515 576 1556 ad
609 1527 705 1556 oras
736 1512 986 1554 Tasmaniae.

205 1598 326 1632 Frons
354 1595 651 1641 3ffi4pollicariffi
678 1606 698 1628 a
723 1592 805 1628 basi
831 1603 990 1634 ramosa,
1022 1589 1209 1632 coccinea,
1241 1588 1372 1623 habitu
1398 1585 1645 1622 Rhabdoniae.

116 1658 158 1691 In
183 1655 337 1690 ramulis
365 1654 552 1698 quendam
579 1649 856 1686 articulationis
885 1647 1048 1693 speciem
1089 1659 1128 1681 se
1165 1645 1308 1681 vidisse
1347 1644 1445 1679 dixit
1480 1643 1645 1686 Harvey3

116 1714 198 1758 ipse
234 1710 483 1747 transversali
522 1709 689 1744 sectione
725 1719 793 1752 per
829 1707 958 1741 basem
994 1704 1243 1738 incrassatam
1281 1702 1380 1736 facta
1417 1703 1647 1736 structuram

119 1770 184 1805 Ch.
211 1771 335 1804 rubrae
362 1769 564 1803 observare
590 1765 748 1800 credidi.
799 1764 988 1798 Caeterum
1013 1774 1103 1797 vero
1127 1762 1166 1795 in
1191 1761 1322 1806 planta
1346 1770 1477 1804 parurn
1496 1757 1649 1803 cognita

116 1828 260 1861 fructus
287 1825 409 1859 adhuc
433 1823 569 1869 ignoti.

120 1967 251 2017 ΓΧΙᾸ.
290 1969 606 2014 DASYPHLAEA
642 1973 777 2016 Mont.
801 1973 951 2026 prodr.
986 1970 1114 2025 Phyc.
1146 1973 1232 2012 ant.
1255 1983 1302 2022 p.
1335 1970 1370 2010 8.

122 2081 257 2123 Frons
288 2079 546 2134 gelatinoso-
578 2078 909 2119 membranacea
938 2072 1217 2116 teretiuscula
1248 2070 1532 2114 subtubulosa
1554 2071 1650 2113 bre-

232 2148 415 2190 vissimis
453 2147 550 2201 pilis
581 2145 870 2188 inarticulatis
915 2142 1100 2197 hyalinis
1147 2140 1300 2191 obsita,
1333 2139 1480 2181 stratis
1512 2139 1652 2181 tribus

235 2221 455 2267 contexta3
487 2214 717 2256 medullari
746 2213 830 2257 filis
861 2211 1071 2264 elongatis
1101 2208 1473 2263 longitudinaliter
1504 2221 1652 2250 excur-

235 2286 431 2329 rentibus
453 2285 605 2327 tubum
627 2283 874 2324 interiorem
897 2279 1262 2334 percurrentibus3
1294 2276 1548 2319 intermedio
1569 2276 1653 2318 cel-

235 2355 335 2396 lulis
381 2354 589 2395 diametro
643 2349 1036 2403 multo-majoribus
1088 2346 1332 2388 rotundatis
1377 2346 1422 2386 in
1470 2348 1654 2386 stratum

239 2424 466 2474 concretis3
500 2422 692 2465 corticali
723 2420 889 2462 cellulis
920 2420 963 2460 in
994 2418 1067 2459 fila
1097 2416 1316 2458 verticalia
1347 2415 1524 2457 evolutis
1556 2429 1654 2456 con-

239 2498 393 2536 stante.
456 2491 736 2546 Gystocarpzssa
768 2524 776 2531 .
809 2524 816 2531 .
851 2522 858 2529 .
893 2523 900 2529 .
946 2487 1259 2541 Sphaerosporae
1290 2486 1334 2527 in
1366 2484 1554 2526 verrucis
1586 2498 1655 2525 su-

239 2561 541 2617 perfici-alffius,
573 2560 656 2602 filis
687 2559 956 2601 radiantibus
988 2555 1244 2605 constitutis,
1276 2555 1388 2595 inter
1418 2553 1491 2595 fila
1514 2553 1656 2606 dispo-

242 2633 346 2682 sitae,
380 2645 540 2685 sparsae
573 2630 759 2672 zonatiin
792 2629 949 2670 divisae.

243 2735 512 2789 Comparatis
545 2733 902 2786 descriptionibus
934 2733 975 2772 et
1006 2729 1250 2784 analysibus
1282 2742 1308 2768 a
1340 2726 1595 2780 Montagneo
1617 2730 1659 2767 et

130 2805 372 2859 Kiitzingio,
405 2804 477 2857 qui
510 2803 722 2856 specimen
754 2800 1047 2842 authenticum
1079 2796 1350 2847 examinavit,
1382 2795 1493 2836 datis
1515 2795 1659 2837 Genus

132 2873 377 2927 Montagnei
409 2871 652 2927 Mychodeae
674 2871 914 2925 proximum
935 2868 1138 2922 suspicor,
1161 2870 1203 2908 et
1223 2880 1249 2907 a
1269 2863 1526 2919 Dasyphlaea
1548 2863 1659 2906 Har-
