1757 3114
96 108 349 166 Epymema.
576 142 579 147 ,
668 107 1052 149 RHODYMENIACEAE.
1549 104 1628 145 333

578 224 620 278 e)
653 222 724 263 Ex
753 222 868 263 mari
899 219 1136 262 Adriatico.

94 318 174 358 RH.
206 330 406 358 LIGULATA
439 315 631 357 Zamam.
663 314 708 357 J.
742 316 822 367 Agl.
857 313 927 365 Sp.
952 326 999 364 p.
1032 312 1125 353 382.

94 385 174 425 RH.
210 398 476 425 TUNAEFORMIS
509 383 618 425 Ζαη.
651 382 696 425 J.
729 383 809 435 Ay.
844 381 914 434 Sp.
938 395 984 433 p.
1017 380 1110 421 383.
1157 379 1347 420 Zaward.
1398 378 1513 419 Icon.
1546 377 1630 418 tab.

210 454 273 494 68.
335 454 371 493 A
412 451 645 493 Zanardini
690 450 817 492 hodie
862 463 958 490 cum
1008 448 1135 489 dubio
1181 448 1234 489 ad
1282 446 1630 501 Cryptonemiam

209 522 394 563 ducitur.

96 590 175 632 RH.
206 603 356 631 CRASSA
387 589 494 631 Zau.
528 589 571 631 J.
607 589 688 642 Ay.
721 588 833 630 Ihm.

95 660 174 701 RH.
207 673 435 701 coaALLINA
466 658 640 701 Ardiss.
677 658 845 700 Flore‘d.
877 655 980 698 Ital.
1016 655 1079 697 ΙΙ
1104 656 1140 695 1.
1163 668 1210 707 p.
1245 656 1296 695 55
1329 654 1411 696 tab.
1444 653 1533 696 IX.

97 837 248 887 LXXV.
285 839 549 887 EPYMENIA
589 847 718 888 Koite.
755 845 828 898 Sp.
860 844 957 898 Aly.
971 857 1017 896 p.
1040 844 1135 884 787.
1170 842 1215 885 J.
1248 842 1329 896 Ay.
1365 843 1437 895 Sp.
1460 857 1506 895 p.
1539 843 1632 883 219.

99 953 237 994 Frons
267 952 434 994 inferne
466 956 634 993 costata
665 954 706 992 et
737 949 994 999 caulescens,
1018 961 1189 988 sursum
1212 947 1256 988 in
1276 946 1460 987 laminas
1482 945 1634 999 planas

212 1021 561 1062 subdichotomas
593 1032 794 1072 expansa,
839 1017 986 1058 stratis
1017 1015 1186 1057 duobus
1218 1019 1435 1066 contexta3
1468 1013 1635 1056 cellulis

212 1089 490 1131 interioribus
522 1087 730 1141 oblongis,
763 1076 1038 1127 corticalibus
1068 1084 1247 1125 minutis
1277 1083 1541 1124 verticaliter
1571 1097 1636 1125 se-

212 1158 347 1199 riatis.
411 1157 594 1199 Fructus
625 1156 669 1196 in
710 1152 996 1208 sporophyllis
1034 1152 1220 1205 propriis
1258 1151 1428 1192 evoluti.
1490 1149 1636 1204 093ΐο-

211 1228 363 1280 scirpia
394 1227 510 1267 intra
542 1224 830 1278 pericarpium
863 1236 1068 1273 crassum,
1101 1221 1388 1274 carpostomio
1410 1221 1635 1271 munitum,

212 1294 377 1337 cellulis
400 1298 644 1336 extrorsum
666 1292 952 1342 radiantibus,
975 1291 1213 1332 introrsum
1235 1289 1516 1331 concentricis
1538 1303 1637 1331 con-

212 1368 392 1415 textum,
425 1363 624 1404 nucleum
656 1361 892 1414 simplicem
922 1359 1205 1401 rotundatum
1236 1363 1312 1400 aut
1350 1358 1544 1400 lobatum
1574 1357 1638 1399 fo-

213 1434 377 1485 ventia3
409 1433 586 1474 nucleus
619 1432 736 1472 intra
766 1430 1057 1484 pericarpium
1088 1428 1385 1480 nudiusculus,
1406 1428 1539 1470 fundo
1561 1428 1637 1470 ba-

213 1501 294 1543 sali
325 1501 564 1555 impositus,
596 1499 916 1553 placentaribus
937 1497 1020 1538 filis
1042 1497 1494 1550 paniculato-ramosis
1515 1496 1637 1538 lobos

214 1556 546 1619 sustinentibus3
578 1567 666 1608 lobi
696 1571 969 1620 praegnantes
1001 1565 1206 1606 radiatim
1231 1565 1442 1619 dispositi,
1470 1565 1637 1620 juveni-

214 1639 275 1680 les
307 1637 390 1679 filis
422 1636 661 1678 articulatis
700 1634 882 1676 ramosis
919 1634 1154 1685 constituti,
1193 1638 1531 1676 maturescentes
1563 1634 1638 1676 ob-

215 1705 618 1755 comico-rotundam,
666 1704 897 1758 gemmidia
941 1703 1130 1756 plurima
1167 1703 1414 1753 rotundata,
1448 1704 1538 1744 sine
1570 1717 1638 1744 or-

214 1776 312 1817 dine
344 1775 571 1828 conspicuo
603 1773 872 1827 conglobata,
906 1773 1029 1826 quasi
1060 1786 1180 1813 muco
1213 1772 1403 1815 cohibita
1434 1772 1637 1814 foventes.

217 1844 533 1897 Sphaerosporce
564 1843 677 1883 inter
708 1840 887 1883 cellulas
919 1840 1142 1882 corticales
1173 1840 1377 1894 oblongae,
1410 1841 1636 1882 cruciatim

214 1913 372 1955 divisae.

216 2016 446 2058 Structura
476 2015 641 2058 frondis
673 2020 716 2058 et
748 2016 888 2057 nuclei
909 2015 1054 2057 Genus
1076 2016 1418 2070 Rhodymeniam
1445 2017 1640 2070 proxime

100 2085 254 2140 tangit,
286 2088 334 2126 ut
358 2085 449 2139 jam
479 2085 522 2126 in
555 2084 673 2138 Spec.
706 2085 798 2138 Alg.
830 2098 869 2137 p.
902 2084 982 2125 374
1022 2085 1180 2126 monui.
1242 2084 1354 2126 Telae
1400 2086 1639 2139 conspicua)

102 2154 414 2204 arachnoideae‚
448 2168 543 2207 quoe
576 2153 775 2195 nucleum
805 2154 849 2194 in
880 2153 1087 2207 proximis
1117 2154 1378 2207 quibusdam
1399 2155 1639 2196 Generibus

102 2223 390 2279 (Champieis)
421 2223 673 2271 circumdat,
707 2237 846 2277 neque
878 2223 921 2264 in
952 2222 1251 2277 Rhodymenia
1282 2238 1359 2265 nec
1389 2224 1433 2264 in
1455 2223 1638 2277 Epyme-

102 2293 176 2334 nia
220 2291 309 2333 fere
355 2291 514 2333 adsunt
558 2292 727 2333 indicia.
789 2291 839 2332 In
880 2290 1142 2345 juvenilibus
1188 2292 1466 2346 cystocarpiis
1511 2292 1585 2333 fila
1615 2306 1641 2332 a

107 2360 241 2402 fundo
272 2359 512 2413 placentari
542 2360 597 2401 ad
628 2360 944 2413 pericarpicum
964 2363 1125 2401 tectum
1147 2360 1452 2411 extenduntur,
1485 2360 1639 2413 saepius

103 2428 559 2483 paniculato-ramosa⁷
591 2427 739 2469 forsan
777 2442 948 2482 quoque
987 2429 1332 2470 anastomosibus
1371 2429 1639 2481 parcioribus

99 2498 271 2552 juncta3
317 2495 525 2536 centralia
569 2495 724 2552 horum
754 2495 799 2536 in
839 2495 1038 2536 nucleum
1084 2499 1320 2546 mutantur,
1366 2495 1640 2548 peripherica

104 2568 250 2606 autem
296 2563 452 2605 sensim
498 2577 751 2606 evanescere
797 2564 1015 2615 videntur3
1062 2565 1106 2605 in
1137 2567 1451 2605 maturescente
1496 2564 1640 2606 fructu

103 2633 310 2687 reliquias
339 2630 512 2673 filorum
542 2631 777 2674 laciniatim
809 2633 1030 2685 disruptas
1052 2636 1204 2674 cautus
1226 2632 1485 2674 observabit.
1526 2633 1640 2688 Epy-

104 2701 248 2743 menia
278 2714 304 2741 a
333 2698 632 2753 Rliodymenia
662 2700 807 2742 differt
837 2701 1079 2742 evolutione
1126 2704 1252 2742 costae
1298 2701 1466 2743 caulem
1504 2703 1638 2743 conti-

104 2770 279 2810 nuantis
310 2772 352 2810 et
382 2767 526 2809 fructu
556 2773 740 2822 utroque
778 2769 822 2809 in
867 2768 1154 2823 sporyphyllis
1198 2769 1398 2822 propriis,
1431 2783 1457 2811 a
1487 2783 1637 2823 super-

104 2836 198 2879 ficie
229 2835 583 2890 prolificantibus,
616 2836 796 2879 evoluto.
