1757 3114
93 101 173 143 336
670 98 1054 140 RHODYMEMAOEAE.
1345 93 1623 139 Plocamium.

204 212 446 270 Structura·
462 212 626 254 fructus
649 211 887 266 capsularis
910 210 1176 252 Plocamium
1196 209 1502 265 Rhodymeniae
1523 224 1622 263 pro-

90 282 253 324 ximum
284 281 463 324 videtur.
527 280 798 322 Placentaria
829 278 915 331 fila,
948 277 1140 319 articulis
1177 278 1434 332 quibusdam
1472 278 1622 331 validi-

93 351 237 392 oribus
269 350 515 401 constituta,
547 348 669 391 lobos
700 348 841 390 nuclei
870 347 1100 398 sustinent3
1133 346 1218 388 alia
1240 348 1414 398 sterilia,
1436 347 1623 401 longitu-

91 419 293 460 dinaliter
325 417 657 470 carpostomium
688 430 835 459 versus
868 415 1151 467 excurrentia,
1185 415 1383 456 nucleum
1416 415 1623 457 ambiunt.

93 487 213 529 Infra
245 488 391 529 lobum
422 485 563 528 nuclei
594 487 801 541 maiorem
842 484 1106 537 superiorem
1144 488 1186 525 et
1216 484 1403 537 primum
1434 489 1623 525 mature-

92 559 280 596 scentem
314 568 426 607 saepe
456 553 602 607 plures
634 555 821 596 minores
843 553 1139 602 observantur,
1164 566 1258 606 quae
1280 556 1450 593 maturo
1472 552 1624 594 effoeto

93 627 135 664 et
165 623 406 677 gemmidiis
438 623 639 677 expulsis,
673 637 749 665 suo
782 622 929 664 ordine
960 622 1213 662 increscant.
1260 620 1403 663 Lobus
1433 625 1624 663 mature-

93 706 213 733 scens
245 691 478 744 gemmidia
499 691 698 745 plurima⁷
721 695 788 733 sat
810 703 978 744 magna,
1002 689 1478 744 rotundato-angulata⁷
1501 690 1624 744 quasi

92 760 135 801 in
167 760 357 813 gelatina
389 773 596 813 suspensa
626 759 751 801 fovet.
812 758 904 799 Fila
935 757 1247 811 gemmidiifera
1268 772 1294 799 a
1320 757 1453 799 fundo
1485 762 1623 812 cysto-

94 828 230 882 carpii
261 828 385 882 quasi
417 828 655 882 placentari
688 826 983 877 erectiuscula,
1013 826 1055 866 in
1078 826 1324 879 paniculam
1354 830 1430 867 aut
1460 841 1623 881 corym-

93 897 197 939 bum
242 911 444 951 expansa.
505 896 823 951 Spliaerosporis
869 895 1054 936 Zonatim
1101 895 1246 937 divisis
1292 895 1554 937 Plocamium
1599 909 1625 936 a

96 966 261 1007 caeteris
293 965 625 1020 Rhodymenieis
657 964 801 1006 distat.

206 1033 494 1088 Sporophylla
526 1034 649 1087 quasi
680 1033 735 1074 ad
767 1033 982 1086 duplicem
1014 1036 1091 1073 aut
1121 1031 1335 1085 triplicem
1355 1036 1504 1086 typum
1526 1047 1624 1074 con-

92 1101 224 1143 fecta:
257 1115 369 1142 nunc
400 1102 604 1142 nimirum
635 1101 887 1142 fructiculus
919 1100 1015 1153 plus
1046 1101 1186 1142 minus
1233 1101 1422 1142 elevatus
1468 1101 1623 1142 divari-

92 1173 410 1211 cato-ramosus
442 1169 577 1221 adest,
611 1169 730 1223 cujus
762 1169 869 1210 rami
903 1168 1060 1209 clavati
1091 1172 1166 1209 aut
1204 1170 1389 1210 breviter
1420 1170 1625 1223 apiculati

92 1238 414 1292 sphaerosporas
446 1239 684 1291 pauciores,
718 1237 879 1290 duplici
911 1237 1019 1278 serie
1052 1236 1270 1277 evidenter
1301 1237 1530 1291 dispositas
1561 1238 1624 1279 fo-

91 1310 200 1348 vent.
263 1306 398 1347 Prout
428 1310 725 1347 maturescunt
755 1305 1066 1358 sphaerosporae
1097 1304 1333 1356 inferiores,
1365 1306 1624 1360 prolongan-

93 1379 167 1416 tur
198 1376 308 1416 rami
338 1374 531 1416 fruticuli
564 1378 606 1416 et
637 1375 946 1428 sphaerosporae
978 1388 1095 1416 novae
1117 1374 1230 1415 infra
1252 1375 1417 1428 apicem
1437 1375 1625 1418 forman-

91 1448 175 1485 tur.
236 1442 522 1497 Sporophylla
550 1443 754 1496 juvenilia
786 1446 917 1496 atque
948 1441 1099 1484 senilia
1129 1443 1208 1484 hoc
1239 1444 1364 1485 modo
1386 1445 1465 1486 sub
1486 1444 1626 1486 forma

92 1511 189 1564 plus
220 1511 362 1552 minus
394 1510 563 1551 diversa
601 1508 803 1552 obvenire
836 1515 975 1564 patet3
1018 1511 1190 1565 juniora
1234 1511 1361 1566 hujus
1406 1513 1497 1567 typi
1527 1518 1626 1555 sunt

91 1581 223 1621 ramis
256 1580 345 1620 suis
377 1579 640 1621 abbreviatis
672 1585 714 1621 et
745 1580 991 1621 divaricatis
1023 1579 1296 1622 cruciformia
1327 1587 1402 1623 aut
1422 1581 1625 1624 stellatim

90 1648 318 1690 radiantia.
359 1648 409 1688 In
441 1648 536 1689 aliis
569 1649 791 1701 speciebus
823 1652 887 1690 est
917 1662 1017 1702 pars
1049 1648 1226 1690 inferior
1256 1649 1448 1691 fruticuli
1470 1651 1624 1693 abbre-

91 1717 219 1768 viata,
251 1720 374 1770 parte
405 1716 539 1757 fertili
570 1717 706 1769 magis
744 1717 945 1771 elongata
977 1717 1319 1770 spathulaeformi
1351 1723 1426 1760 aut
1456 1719 1624 1762 lanceo-

90 1785 198 1837 lata3
229 1785 273 1826 in
304 1785 370 1826 his
402 1785 682 1840 sporophylla
713 1786 885 1840 singula
916 1786 1051 1839 magis
1084 1785 1297 1839 simplicia
1328 1787 1550 1841 adparent7
1584 1792 1625 1830 et

92 1853 302 1907 pedicello
333 1853 595 1895 evidentiore
627 1853 819 1895 suffulta.
879 1854 1073 1908 Denique
1121 1858 1221 1896 sunt
1266 1856 1424 1908 species
1456 1856 1499 1897 in
1530 1857 1623 1910 qui-

92 1922 173 1964 bus
206 1920 484 1975 sporophylla
509 1921 599 1975 jam
630 1922 685 1963 ab
731 1922 853 1963 initio
898 1921 1261 1975 leguminiformia
1298 1927 1339 1963 et
1369 1924 1523 1977 saepius
1554 1937 1623 1966 ar-

92 1993 233 2041 cuata,
266 1988 436 2043 singula
467 1988 556 2029 fere
588 1988 811 2042 simplicia,
844 1989 917 2030 sed
951 2003 1082 2043 supra
1127 1990 1315 2043 stipitem
1361 2005 1627 2035 communem

91 2058 279 2112 plurima
310 2057 399 2099 fere
430 2057 715 2099 fasciculatini
747 2059 995 2113 conjuncta3
1035 2062 1083 2099 ut
1113 2063 1409 2102 maturescunt
1439 2061 1627 2115 sphaero-

95 2140 247 2180 sporae,
280 2126 369 2167 haec
403 2140 572 2179 quoque
617 2125 943 2180 prolongantur,
990 2126 1174 2168 formam
1219 2131 1262 2168 et
1306 2129 1627 2182 dispositionem

95 2193 324 2236 servantia.
365 2192 661 2248 Sporophyllis
684 2208 709 2235 a
725 2194 861 2236 latere
884 2198 1060 2236 arcuato
1082 2195 1297 2249 adspectis
1320 2197 1626 2252 sphaerosporae

94 2263 279 2316 simplici
311 2262 419 2304 serie
466 2262 770 2316 longitudinali
816 2263 1033 2316 dispositae
1079 2264 1301 2318 adparent,
1334 2279 1360 2307 3
1389 2265 1496 2308 facie
1527 2281 1626 2309 con-

96 2331 252 2384 spectis
285 2329 445 2382 duplici
475 2330 583 2371 serie
615 2330 824 2372 ordinatae
856 2321 1065 2372 videntur.

206 2396 486 2452 Cystocarpia
516 2398 558 2438 in
589 2397 786 2451 plurimis
829 2400 1046 2452 speciebus
1085 2401 1326 2455 pericarpio
1367 2402 1624 2456 subgloboso

98 2470 224 2507 extus
254 2465 361 2518 laevi,
394 2465 469 2507 sed
499 2467 544 2507 in
574 2467 637 2507 Pl.
669 2466 913 2509 Preissiano
945 2482 1101 2521 rugoso
1134 2471 1418 2512 continentur.
1478 2471 1528 2512 In
1562 2472 1625 2513 di-

99 2534 232 2575 versis
265 2534 487 2587 speciebus
519 2539 621 2576 sunt
650 2539 863 2588 praeterea
893 2536 979 2576 situ
1014 2536 1195 2578 diversa.
1254 2538 1305 2579 In
1335 2539 1551 2581 nonnullis
1581 2541 1625 2581 in

94 2601 298 2644 fruticulo
330 2602 503 2644 axillari
534 2628 585 2632 ——
618 2604 992 2659 sporophyllorum
1022 2606 1204 2660 analogo
1236 2610 1278 2647 et
1306 2606 1434 2649 immo
1456 2608 1499 2649 in
1520 2623 1624 2650 non-

96 2669 224 2711 nullis
256 2671 344 2712 suis
377 2672 508 2713 ramis
539 2672 794 2726 corpuscula
832 2673 1140 2727 sphaerosporis
1179 2673 1395 2716 simillima
1430 2681 1625 2718 servante

97 2738 177 2789 (Pl.
210 2738 445 2793 nidificum)
478 2766 530 2770 —
562 2740 636 2782 alii
666 2742 777 2782 rami
808 2745 975 2783 tument
1012 2743 1131 2795 apice
1163 2743 1206 2783 in
1237 2744 1504 2797 cystocarpia
1534 2745 1624 2798 glo-

96 2805 218 2857 bosa3
249 2807 295 2848 in
325 2807 390 2848 his
422 2809 643 2861 speciebus
673 2809 820 2864 itaque
852 2811 1121 2864 cystocarpia
1152 2811 1412 2864 adparenter
1434 2812 1623 2865 pedicel=
