1757 3114
106 101 421 158 Peyssonnelia.
742 100 1031 150 SQUAMARIEAE.
1556 104 1636 145 389

102 218 138 258 9.
168 216 213 258 Ρ.
244 228 558 257 ATROPURPUREA
588 213 781 269 (Gronau
810 219 954 269 mser.)
984 228 1147 269 cuprea
1167 216 1500 259 membranacea
1521 217 1637 260 orbi-

212 284 419 327 culariter
450 298 654 338 expansa,
685 284 796 328 lobis
827 284 1110 339 superpositis
1140 284 1230 326 fere
1261 284 1404 338 nullis,
1436 288 1530 328 tota
1560 300 1637 340 pa-

213 353 316 408 gina
346 352 550 395 inferiore
573 356 763 396 tomento
785 353 905 396 brevi
927 354 1253 397 subincrustato
1273 354 1499 406 instructa,
1521 368 1637 397 mar-

211 424 309 476 gine
340 423 460 464 tenui
491 422 620 475 nudo,
669 426 806 465 strato
852 422 1136 465 decumbente
1173 423 1258 466 filis
1290 424 1637 467 subdistantibus

213 491 457 534 intertextis
489 491 943 535 dichotomo-ramosis
975 492 1235 544 articulatis,
1268 493 1400 536 ramis
1423 494 1638 536 arcuatim

215 559 592 612 adscendentibus,
625 561 821 603 articulis
866 560 1080 603 diametro
1125 561 1309 615 2—4plo
1353 561 1636 617 longioribus.

215 629 263 672 P.
295 633 610 683 atropmpurea
642 628 814 673 Crouan
844 631 890 673 in
920 629 1019 684 Azy.
1051 643 1137 672 ems.
1179 630 1340 673 Finist.
1379 644 1450 673 wo
1483 631 1561 673 237
1600 635 1640 674 et

214 696 286 742 Fl.
320 698 478 741 Fimssst.
501 712 549 752 p.
584 699 676 741 148.
708 699 770 741 Le
801 698 912 742 [olis
943 697 1041 752 Azy.
1081 697 1226 741 Cherb.
1258 713 1328 742 nso
1361 700 1425 741 95.
1457 699 1636 743 Haema-

209 767 352 810 tocelis
385 767 637 811 Schousboec·
666 766 713 811 J.
745 767 829 822 Ay.
863 766 935 821 Sp.
958 781 1006 822 p.
1039 768 1134 810 498.

209 835 320 878 Hab.
352 835 397 877 in
426 836 609 890 rupibus
641 837 837 879 obscuris
867 836 1027 879 Oceani
1062 835 1267 879 Atlantici
1299 837 1530 881 calidioris.

186 916 230 950 In
254 917 386 961 planta
410 917 508 952 bene
535 918 686 953 evoluta
710 916 814 953 frons
846 920 906 953 est
941 918 1243 962 membranacea,
1269 918 1538 955 orbiculariter
1571 932 1634 956 ex-

93 984 224 1018 pansa,
251 973 290 1008 in
316 974 423 1009 lobos
448 985 587 1019 paucos
615 974 784 1019 sinuosa3
818 978 900 1011 tota
928 974 1069 1021 pagina
1105 975 1288 1011 inferiore
1325 979 1497 1013 tomento
1533 979 1633 1013 radi-

96 1031 168 1067 cali
203 1031 431 1076 incrustata,
457 1031 540 1077 ipso
565 1033 738 1079 margine
765 1033 877 1067 nuda.
927 1032 1097 1067 Stratum
1122 1032 1355 1069 decumbens
1382 1037 1534 1070 constat
1558 1035 1633 1071 filis

93 1088 305 1124 articulatis
332 1088 574 1134 dichotomis,
601 1090 751 1124 demum
776 1090 949 1135 pluribus
974 1089 1240 1135 superpositis,
1260 1102 1336 1125 non
1355 1091 1546 1137 contiguis
1566 1093 1634 1128 sed

91 1146 254 1182 invicem
281 1147 529 1191 distantibus,
556 1158 659 1182 ramo
685 1147 795 1182 unius
821 1147 924 1181 inter
954 1159 1080 1183 ramos
1111 1148 1197 1193 plus
1223 1148 1349 1183 minus
1375 1151 1552 1194 patentes
1580 1151 1632 1185 al-

92 1204 210 1239 terius
229 1203 463 1249 introducto,
483 1204 567 1239 aliis
586 1216 776 1240 ramorum
794 1205 1124 1249 decumbentibus,
1152 1206 1236 1240 aliis
1264 1206 1450 1241 arcuatim
1476 1207 1631 1243 adscen-

92 1260 270 1296 dentibus
296 1262 569 1305 constitutum3
597 1265 759 1297 stratum
785 1263 1023 1298 adscendens
1060 1263 1176 1298 ramis
1214 1264 1479 1300 decumbentis
1518 1267 1633 1301 strati

92 1319 414 1355 adscendentibus
452 1319 719 1364 constitutum,
756 1319 830 1354 filis
868 1320 1017 1355 inferne
1054 1320 1305 1356 crassioribus
1332 1324 1371 1356 et
1396 1323 1481 1367 plus
1508 1323 1632 1359 minus

90 1375 327 1420 intertextis,
366 1387 514 1411 sursum
554 1388 669 1421 supra
706 1376 955 1412 dichotomias
993 1377 1246 1422 tenuioribus,
1285 1378 1399 1414 ramis
1436 1380 1632 1425 parallelis

90 1434 312 1480 fastigiatis3
338 1434 489 1468 articuli
516 1433 666 1469 filorum
695 1434 920 1470 inferiorum
950 1435 1030 1470 fere
1062 1435 1201 1470 clavati
1239 1437 1278 1470 et
1315 1438 1521 1481 granulosa
1555 1449 1632 1472 ma—

90 1491 187 1527 teria
211 1490 335 1536 farcti,
362 1491 578 1536 superiores
605 1492 750 1527 ambitu
776 1492 854 1527 fere
880 1493 1168 1539 rectangulares
1194 1493 1395 1539 adparent,
1422 1495 1632 1532 endochro-

89 1552 188 1586 mate
214 1551 382 1586 colorato
407 1550 565 1596 liquido,
590 1550 746 1596 plurimi
772 1550 941 1596 elongati
964 1550 1154 1586 diametro
1178 1552 1396 1597 4plo——2plo
1422 1553 1628 1599 longiores.

89 1608 173 1653 Ipse
198 1608 437 1643 nemathecia
462 1608 542 1644 vidi
568 1611 606 1643 at
632 1608 796 1650 sterilia3
823 1608 971 1644 Crouan
997 1609 1284 1655 sphaerosporas
1310 1610 1509 1645 cruciatim
1534 1611 1631 1647 divi-

89 1676 149 1700 sas
174 1665 439 1700 observarunt.

180 1721 406 1767 Specimina,
433 1734 516 1767 quae
543 1722 635 1767 vidi,
661 1722 854 1768 paulisper
879 1723 1061 1758 differunt
1083 1724 1298 1759 substantia
1324 1726 1363 1759 et
1388 1726 1529 1767 colore3
1557 1725 1632 1761 alia

90 1780 210 1826 magis
237 1783 435 1816 crustacea
461 1784 500 1815 et
524 1783 606 1816 tota
631 1780 881 1826 adhaerentia,
900 1781 1026 1816 colore
1045 1792 1091 1816 ex
1109 1781 1317 1817 virescenti
1336 1784 1630 1829 atropurpurea;

25 1877 31 1881 ¹
77 1838 163 1872 ¹alia
187 1838 267 1884 (Sp.
295 1850 316 1872 a
340 1838 394 1873 Le
419 1839 508 1873 Iolis
536 1839 653 1884 lecta)
678 1839 801 1884 magis
826 1839 1127 1883 membranacea,
1155 1839 1280 1875 colore
1316 1840 1438 1886 magis
1476 1853 1629 1886 cupreo.

87 1895 178 1930 Haec
202 1896 337 1931 melius
364 1897 516 1932 evoluta
542 1896 648 1931 finxi.
697 1897 768 1931 Illa
794 1897 948 1932 nomine
974 1896 1103 1942 Peyss.
1131 1900 1340 1933 crustaceae
1367 1910 1388 1933 a
1407 1898 1556 1934 Crouan
1575 1900 1630 1934 di—

24 1945 30 1956 '
90 1953 266 1998 stributa,
292 1955 362 1989 sub
388 1955 541 1990 nomine
577 1955 624 1989 H.
664 1954 894 1990 Schousboei
931 1955 972 1989 in
1005 1954 1112 2000 Spec.
1150 1956 1238 2001 Alg.
1277 1956 1478 2002 descripsi,
1504 1957 1630 1993 fructu

47 2053 52 2056 Ι
89 2010 181 2045 mihi
206 2011 328 2046 adhuc
352 2011 498 2057 ignoto.
548 2011 643 2046 Celzi
670 2011 817 2046 Crouan
844 2011 1131 2057 sphaerosporas
1157 2012 1359 2048 cruciatim
1390 2013 1533 2049 divisas
1566 2016 1629 2051 ob-

80 2070 304 2112 servarunt,
330 2071 369 2103 et
394 2072 436 2102 ut
463 2068 628 2114 speciem
652 2068 938 2113 Peyssonneliae
964 2069 1266 2114 descripserunt.
1302 2071 1336 2105 A
1360 2070 1629 2115 Peyssoneliae

38 2124 39 2127 ’
90 2124 286 2170 speciebus
312 2126 548 2162 normalibus
587 2130 781 2162 structura
818 2126 970 2162 diversa
1006 2127 1099 2162 mihi
1137 2129 1326 2174 adparuit.
1375 2130 1435 2164 An
1461 2141 1545 2165 cum
1571 2142 1627 2166 se-

89 2185 227 2226 quente
253 2182 381 2217 Genus
409 2183 466 2218 sui
488 2183 586 2228 juris
612 2184 890 2219 constitueret?

178 2240 236 2275 Ex
260 2240 396 2275 insulis
422 2241 646 2276 Noukahiva
671 2243 716 2277 ab
754 2241 860 2277 Edw.
898 2241 1036 2276 Jardin
1073 2242 1174 2277 lecta
1211 2242 1419 2288 specimina
1454 2245 1627 2288 quaedam

89 2297 167 2333 vidi
191 2299 229 2344 (a
253 2300 307 2334 Le
344 2299 538 2335 Normand
574 2300 720 2347 missa),
759 2303 954 2336 structura
987 2312 1071 2336 cum
1096 2301 1137 2336 P.
1165 2305 1441 2348 atropurpurea
1466 2315 1627 2350 congru-

91 2355 205 2400 entia,
231 2367 314 2400 quae
347 2368 395 2390 an
433 2356 599 2402 speciem
634 2358 829 2403 propriam
867 2358 1106 2394 constituant
1143 2358 1287 2394 dubito.
1336 2358 1369 2394 A
1394 2371 1452 2394 me
1478 2360 1627 2395 interea

37 2443 41 2446 .
90 2413 239 2448 nomine
266 2413 306 2448 P.
334 2416 540 2449 crustaceae
568 2414 767 2460 insignita.

92 2493 155 2535 10.
186 2494 231 2535 P.
263 2508 487 2536 MULTIFIDA
518 2494 678 2549 (Harv.
710 2499 854 2550 mser.)
884 2509 1107 2550 purpurea
1145 2497 1624 2540 carnoso-membrana-

201 2576 277 2605 cea
307 2562 534 2614 multifida,
567 2564 800 2617 segmentis
832 2565 1028 2618 angustis
1067 2564 1387 2607 sublinearibus
1429 2567 1625 2620 margine

201 2632 457 2687 tangentiali
487 2636 530 2673 et
559 2632 768 2675 lateribus
800 2634 1041 2675 radialibus
1078 2633 1280 2675 deorsum
1317 2634 1517 2687 incurvis,
1548 2649 1624 2689 pa-

201 2701 303 2755 gina
332 2700 535 2743 inferiore
566 2701 742 2754 pulvere
773 2702 1016 2744 albescente
1055 2702 1306 2754 incrustata,
1345 2702 1519 2746 demum
1549 2705 1623 2747 de-

201 2768 366 2810 nudata
396 2772 439 2810 et
469 2783 496 2811 a
526 2768 664 2811 fulcro
697 2770 851 2822 soluta,
885 2773 1021 2812 strato
1067 2769 1346 2814 decumbente
1392 2773 1623 2818 constituto

201 2835 285 2878 filis
317 2837 662 2881 subdistantibus
693 2839 937 2881 intertextis
976 2838 1426 2884 dichotomo-ramosis
1463 2843 1622 2887 articu-
