1757 3114
89 111 170 154 392
659 108 1075 157 SPHAERococcomEAE·

269 817 433 886 01³⁰«)
482 820 598 887 ΧΙΙ.
697 819 1434 890 SPHAEROGOGGOIDEAE.

202 980 322 1035 Algae
349 980 640 1023 inarticulatae
661 981 890 1033 cellulosae,
913 982 1083 1024 cellulis
1107 983 1393 1026 exterioribus
1414 985 1621 1026 rotunda-

88 1049 143 1091 tis
173 1050 354 1091 nuncin
375 1049 450 1092 fila
479 1050 703 1092 verticalia
733 1051 986 1105 conjunctis,
1008 1051 1285 1094 interioribus
1317 1053 1453 1107 magis
1483 1053 1620 1107 longi-

88 1117 372 1170 tudinalibus,
396 1119 560 1160 intimis
581 1133 695 1160 nunc
725 1118 1010 1170 filiformibus,
1042 1120 1299 1162 constitutae.
1341 1119 1621 1176 Cystocarpia

87 1187 204 1228 intra
224 1187 515 1241 pericarpium
547 1191 773 1229 externum
805 1187 1039 1241 saepissime
1070 1188 1395 1242 hemisphaerice
1417 1190 1620 1242 eminens,

92 1270 207 1298 nunc
228 1256 548 1310 pedicellatum,
580 1257 867 1310 carpostomio
898 1260 1135 1310 pertusum⁷
1159 1258 1357 1300 nucleum
1379 1258 1626 1312 simplicem,

91 1338 193 1367 raro
214 1324 298 1366 filis
320 1328 396 1366 aut
417 1324 582 1367 cellulis
605 1325 826 1368 sterilibus
858 1325 1132 1379 interspersis
1165 1326 1541 1380 subcompositum‚
1564 1327 1628 1369 fo-

93 1393 250 1435 ventia.
291 1393 387 1435 Fila
417 1393 735 1446 gemmidiifera
756 1407 782 1435 a
803 1394 1004 1447 placenta
1035 1394 1172 1436 basali
1202 1395 1431 1447 radiantia,
1464 1397 1628 1449 superi-

92 1476 166 1503 ore
198 1462 351 1504 saltem
382 1467 507 1516 parte
538 1463 720 1504 invicem
742 1463 893 1515 libera,
926 1463 1260 1517 simpliciuscula
1282 1470 1358 1506 aut
1377 1464 1626 1507 fasciculato

94 1544 279 1582 ramosa,
311 1531 558 1579 articulata„
589 1532 633 1572 in
664 1531 859 1573 articulis
891 1532 1189 1586 superioribus
1223 1532 1419 1586 pluribus
1451 1534 1626 1587 gemmi-

92 1598 166 1640 dia
196 1600 463 1653 generantia.
524 1599 767 1641 Gemmidia
798 1603 871 1641 aut
900 1601 944 1641 in
975 1600 1170 1643 articulis
1201 1602 1411 1655 supremis
1443 1602 1625 1656 singula,

93 1669 170 1708 aut
199 1667 244 1708 in
275 1667 469 1709 articulis
501 1668 800 1721 superioribus
830 1667 960 1721 plura
990 1668 1080 1710 fere
1113 1669 1240 1710 simul
1278 1670 1625 1721 maturescentia,

93 1735 501 1789 obovato-oblonga‚
535 1736 691 1777 emissa
722 1737 879 1790 saepius
910 1736 1160 1790 rotundat-a,
1202 1752 1314 1778 nunc
1346 1737 1624 1793 oblongo-cy-

92 1803 326 1844 lindracea.
369 1803 690 1857 Sphaerosporae
723 1805 877 1858 saepius
900 1805 1088 1856 minutae,
1112 1805 1210 1858 plus
1241 1805 1382 1847 minus
1414 1805 1623 1860 oblongae,

92 1884 170 1924 per
200 1870 399 1912 frondem
430 1885 587 1925 parum
618 1876 831 1914 mutatam
870 1886 1044 1926 sparsae,
1085 1878 1160 1914 aut
1189 1873 1233 1914 in
1264 1873 1443 1914 maculis
1475 1888 1624 1928 super-

91 1939 305 1982 ficialibus
337 1941 680 1991 nematheciosis,
713 1944 790 1981 aut
819 1941 863 1982 in
896 1941 1175 1982 nematheciis
1207 1942 1395 1982 externis
1422 1941 1622 1995 collectae,

91 2008 317 2050 cruciatim
348 2012 423 2050 aut
454 2009 641 2050 zonatim
673 2009 831 2050 divisae„

205 2077 632 2131 Sphaerococcoideae,
665 2082 714 2118 ut
753 2077 947 2119 ordinem
985 2077 1260 2119 limitandum
1298 2078 1425 2120 hodie
1464 2081 1623 2133 putavi,

90 2145 368 2187 Delesserieis
400 2146 617 2198 proximae,
666 2146 818 2187 habitu
855 2150 897 2187 et
935 2146 1239 2199 compositione
1285 2146 1449 2190 frondis
1494 2153 1624 2203 atque

90 2214 400 2268 sphaerosporis
431 2214 702 2268 potissimum
733 2215 1054 2268 dignoscantur.
1106 2215 1312 2258 Placenta
1341 2231 1512 2272 quoque
1534 2233 1623 2260 ma-

88 2283 154 2337 gis
185 2283 352 2324 elevata
384 2286 426 2324 et
456 2282 621 2323 cellulis
653 2283 890 2324 minoribus
923 2284 1171 2336 composita.

204 2350 391 2392 Nucleus
437 2349 705 2405 Cystocarpii
750 2351 794 2392 in
840 2350 1256 2404 Sphaerococcoideis
1302 2353 1418 2395 intra
1456 2358 1623 2408 partem

88 2417 254 2460 frondis
294 2423 370 2460 aut
415 2418 573 2460 ramuli
618 2420 775 2460 sensim
820 2420 1100 2460 transmutati
1144 2420 1369 2462 formatur.
1431 2422 1623 2464 Stratum

89 2487 295 2530 corticale
327 2502 423 2529 cum
455 2492 578 2542 parte
612 2487 708 2542 plus
741 2488 881 2529 minus
911 2489 1145 2541 conspicua
1176 2490 1301 2531 strati
1333 2491 1549 2533 interioris
1580 2493 1623 2533 in

89 2557 380 2610 pericarpium
421 2558 659 2611 proprium,
692 2557 978 2610 cai-postomio
1011 2557 1183 2598 demum
1213 2562 1450 2611 pertusum,
1482 2564 1622 2601 muta-

89 2629 181 2677 tur3
213 2626 330 2666 intra
360 2626 652 2680 pericarpium
674 2625 879 2668 cellulosa
900 2626 1098 2680 quaedam
1119 2626 1391 2680 placentaris,
1415 2641 1525 2680 saepe
1547 2628 1622 2670 ad-

90 2693 263 2735 modum
296 2694 443 2746 densa,
476 2693 697 2746 evolvitur,
730 2708 823 2748 quae
854 2695 898 2734 in
929 2694 993 2743 iis,
1017 2708 1200 2747 quorum
1222 2694 1339 2736 frons
1362 2698 1497 2737 strato
1520 2696 1623 2738 axili

90 2762 306 2803 instructa
337 2766 414 2810 est,
447 2763 501 2804 ab
535 2763 614 2803 hoc
647 2766 783 2803 strato
806 2761 909 2803 axili
930 2764 1155 2815 provenire
1186 2763 1367 2804 videtur.
1407 2761 1623 2806 Cellulosa

90 2828 350 2884 placentaris
381 2829 470 2872 fere
501 2830 664 2885 proprii
697 2829 864 2879 indolis,
899 2843 1010 2885 saepe
1047 2830 1213 2874 cellulis
1251 2830 1548 2873 minutissimis
1580 2836 1621 2874 et
