1757 3114
52 163 325 219 Monospora.
687 160 994 205 WnANGmm.
1501 167 1580 206 609

52 279 191 320 randa
221 279 470 325 docuerunt,
503 276 575 316 sed
607 290 700 316 cum
733 277 969 329 gemmidiis
991 277 1247 330 Wrangeliae
1269 277 1329 318 ita
1360 279 1581 319 convenire

52 351 100 387 ut
130 345 421 400 Wrangeliam
455 344 709 385 multifidam
752 358 836 385 una
874 359 967 385 cum
1001 343 1298 398 Corynospora
1328 344 1583 398 pedicellata

53 415 107 454 ad
139 415 251 455 idem
284 414 428 455 Genus
459 411 663 453 referant.

166 519 319 559 Allatis
351 518 416 558 his
449 518 631 558 aliorum
664 517 1031 558 observationibus
1063 521 1243 569 apparet
1265 517 1583 571 sphaerosporas

54 586 242 640 vulgaris
274 587 422 627 formae
456 587 497 627 in
530 586 790 638 Monospora
821 585 1036 630 obvenire:
1069 599 1232 638 organa
1276 586 1422 639 itaque
1466 586 1584 638 pedi-

55 655 222 704 cellam,
256 668 350 708 quac
382 654 726 707 frequentissime
759 653 926 701 adsunt,
958 660 1033 692 aut
1057 667 1146 694 csse
1169 653 1396 706 peculiaris
1418 654 1584 701 indolis,

55 727 130 763 aut
161 722 402 776 gemmidiis
435 721 595 774 sparsis
628 721 810 774 analoga
841 720 1152 761 consideranda
1193 734 1295 771 esse,
1335 721 1439 762 mihi
1470 722 1585 763 vide-

55 795 138 832 tur.
180 790 423 832 Gemmidia
455 789 625 842 singula
656 790 698 829 in
731 789 938 830 Florideis
970 790 1204 842 provenire,
1239 789 1458 843 hucusque
1497 790 1585 831 fere

54 864 118 900 est
149 859 411 906 inauditum3
444 863 588 899 tamen
620 858 662 898 in
695 857 913 907 Naccaria‚
943 857 1042 898 licet
1063 862 1299 911 aggregata
1319 859 1585 907 conveniunt,

54 926 142 968 sere
173 926 342 979 singula
381 926 493 966 inter
530 925 729 966 ramellos
774 925 999 979 prodeunt.
1059 925 1146 966 Nec-
1177 925 1265 966 sere
1297 926 1425 967 aliter
1456 927 1500 967 in
1531 928 1586 970 M.

53 995 220 1036 clavata
250 994 355 1041 vidi3
389 994 499 1034 inter
530 994 720 1034 ramulos
753 993 890 1047 hujus,
924 994 1042 1047 apice
1064 1007 1280 1035 ramorum
1313 996 1584 1049 corymboso-

53 1067 310 1116 aggregatos
351 1066 391 1103 et
424 1062 634 1108 incurvos,
683 1062 779 1115 ipsa
813 1075 976 1115 organa
1007 1076 1176 1115 quoque
1208 1068 1445 1116 aggregata
1491 1065 1586 1113 vidi,

54 1145 167 1172 nunc
199 1130 482 1184 superposita,
523 1144 634 1170 nunc
675 1128 950 1180 collateralia,
982 1131 1036 1171 ab
1068 1130 1216 1171 eodem
1249 1131 1431 1173 articulo
1462 1132 1588 1185 plura

54 1199 266 1240 exeuntia.
326 1198 434 1238 Hinc
480 1198 591 1238 inter
637 1197 939 1251 Monosporam
986 1202 1027 1238 et
1072 1198 1325 1240 Naccariam
1371 1214 1454 1241 non
1485 1200 1589 1242 facit

55 1267 211 1308 saltum
243 1267 471 1308 admodum
505 1266 780 1318 conspicuum
811 1270 977 1307 natura.
1039 1266 1124 1308 Nec
1157 1268 1191 1308 si
1222 1281 1371 1308 revera
1399 1282 1495 1309 cum
1517 1283 1588 1322 pe-

55 1335 237 1388 risporio
284 1338 510 1387 separatur
555 1334 831 1387 gemmidium
878 1335 987 1388 (ipse
1034 1335 1148 1376 intra
1187 1335 1430 1389 periderma
1461 1340 1589 1378 tenue

57 1406 240 1443 stratum
284 1402 505 1455 proprium
552 1405 739 1454 amplum
787 1402 1071 1456 gelatinosum
1118 1403 1260 1445 videre
1307 1404 1486 1451 credidi;
1534 1419 1587 1446 an

55 1475 184 1524 rupto
230 1471 518 1524 peridermate
574 1475 758 1512 stratum
814 1472 892 1512 hoc
945 1471 1230 1525 gelatinosum
1284 1473 1423 1526 ipsum
1475 1474 1588 1527 peri-

57 1539 206 1580 derma
236 1539 469 1580 habuerint
479 1538 531 1593 Ρ),
564 1537 642 1579 1100
675 1539 763 1592 ejus
786 1539 845 1580 vis
868 1540 1195 1589 considerarem,
1228 1544 1276 1581 ut
1297 1555 1389 1582 eam
1412 1542 1465 1583 ob
1488 1555 1588 1583 cau—

59 1621 149 1648 sam
182 1612 380 1648 naturam
414 1606 742 1660 gemmidiorum
774 1607 841 1648 his
873 1608 1045 1659 organis
1068 1608 1362 1662 denegandam
1386 1623 1476 1651 esse
1499 1624 1590 1651 cre-

58 1675 214 1716 derem.
257 1675 330 1717 Sin
362 1689 460 1716 vero
493 1679 648 1716 natura
670 1689 929 1729 organorum
952 1675 1029 1716 hoc
1052 1677 1177 1717 modo
1202 1677 1452 1730 explicetur,
1476 1682 1595 1731 patet

58 1743 360 1797 Monosporam
408 1757 498 1784 esse
546 1743 688 1784 Genus
736 1743 1018 1797 Wrangelieis
1057 1746 1299 1797 proximum
1331 1749 1373 1787 et
1403 1760 1429 1787 a
1461 1744 1592 1787 Calli-

59 1812 287 1854 thamnieis
319 1812 446 1865 longe
478 1812 705 1853 diversum.

174 1928 343 1982 Species
376 1927 584 1981 Algaruin
618 1928 815 1969 scribenti
848 1928 950 1968 mihi
982 1942 1126 1969 coram
1149 1928 1229 1969 fuit
1252 1927 1452 1970 Manuale
1485 1929 1594 1970 Har-

60 2010 283 2050 veyanum,
317 1997 359 2037 in
392 2010 475 2049 quo
506 1995 670 2036 favellae
705 1995 748 2035 C.
796 1995 1051 2049 pedicellati,
1098 2000 1146 2037 ut
1190 2010 1368 2049 magnae,
1415 1997 1593 2050 singulae

58 2070 135 2106 aut
166 2066 359 2119 geminae„
402 2065 457 2105 ad
503 2079 646 2105 ramos
679 2065 949 2106 obvenientes
993 2065 1307 2106 describuntur.
1369 2064 1590 2119 Ejusmodi

58 2133 398 2174 observationem
444 2132 774 2185 praetermittere
820 2132 922 2173 mihi
969 2146 1052 2174 11011
1099 2132 1237 2178 licuit:
1282 2137 1592 2186 consequenter

59 2215 222 2255 organa
252 2201 434 2243 indivisa
465 2201 786 2254 sphaerosporas
817 2201 989 2251 credidi,
1023 2206 1152 2255 atque
1184 2214 1318 2254 genus
1340 2199 1592 2242 Callitham-

60 2270 128 2310 nio
159 2269 413 2323 proximum.
475 2268 580 2309 Cum
614 2269 835 2322 speciebus
877 2270 1028 2323 typicis
1061 2269 1167 2310 alias
1199 2269 1410 2322 conjunxi,
1443 2269 1594 2310 habitu

61 2352 143 2378 non
176 2337 408 2379 admodum
440 2337 707 2388 abludentes,
749 2338 914 2380 favellis
954 2338 1187 2379 instructas
1228 2341 1357 2390 atque
1404 2338 1593 2390 sphaero-

61 2406 197 2458 sporis
244 2404 636 2447 sub-conformibus
681 2410 726 2447 at
771 2420 920 2459 speras
968 2420 1216 2446 numerosas
1263 2405 1594 2455 (continentibus,

63 2474 178 2527 quod
224 2478 381 2523 tamen,
429 2487 561 2526 quum
592 2473 801 2527 ejusmodi
847 2473 1089 2515 differentia
1119 2474 1163 2514 in
1203 2473 1423 2526 speciebus
1469 2471 1596 2514 Calli-

64 2542 245 2582 thamnii
277 2541 448 2595 cognita
468 2540 630 2592 fuisset,
654 2556 736 2584 non
759 2543 849 2596 ejus
881 2542 941 2582 vis
972 2541 1175 2594 adparuit
1205 2544 1253 2582 ut
1283 2541 1325 2581 in
1357 2554 1515 2594 genera
1536 2541 1595 2582 di:

65 2622 188 2651 versa
220 2609 380 2662 species
412 2608 673 2660 diveHerem,
705 2624 812 2663 quas
844 2609 939 2650 aliis
970 2608 1295 2650 characteribus
1317 2614 1598 2663 congruentes

66 2678 182 2719 finxi.
243 2676 551 2718 Observatione
582 2676 634 2717 de
665 2677 830 2719 favellis
862 2680 1012 2730 postea
1043 2677 1097 2718 ab
1128 2678 1221 2730 ipso
1252 2676 1448 2731 Harveyo
1480 2692 1599 2720 revo-

67 2750 165 2786 cata
195 2745 263 2798 (ln
300 2743 427 2797 Phyc.
460 2743 575 2785 Brit.
608 2745 688 2785 tab.
720 2746 799 2785 212
823 2743 1000 2785 favellas
1022 2744 1064 2784 in
1086 2742 1130 2784 C.
1155 2744 1410 2797 pedicellato
1432 2746 1600 2798 ignotas

70 2814 211 2869 dixit),
246 2817 287 2854 et
318 2812 688 2854 observationibus
734 2813 1043 2854 recentioribus
1089 2813 1218 2853 aliam
1263 2814 1433 2854 0111111110
1465 2818 1599 2855 struc-

71 2888 212 2924 turam
247 2881 550 2933 indicantibus,
582 2881 854 2924 characteres
886 2882 1058 2924 omnino
1081 2881 1344 2924 reformandi
1365 2886 1496 2936 atque
1518 2884 1602 2925 alia

1426 2952 1470 2985 39
