1762 3036
105 97 147 124 IV

105 209 311 238 novarum
333 195 603 236 characteres
632 192 821 233 invenire
843 195 886 233 et
907 190 1174 232 definitiones
1196 190 1332 244 magis
1353 189 1644 244 diagnosticas

106 264 299 315 reddere,
332 267 462 317 atque
493 261 708 316 praecipue
740 260 783 300 in
815 259 1055 301 Generibus
1087 257 1321 312 majoribus
1353 257 1523 312 Species
1555 271 1644 300 sec-

106 333 294 375 tionibus
325 331 449 372 factis
482 328 753 375 distribuere,
785 328 829 368 in
859 327 974 368 curis
1004 326 1097 368 fuit.

222 399 330 442 Sunt
361 399 434 453 qui
465 398 666 439 dixerunt
697 399 884 449 systema
920 395 1232 445 Floridearum,
1264 394 1383 448 cujus
1414 395 1458 435 in
1489 393 1646 447 priori-

108 471 188 512 bus
220 468 420 522 operibus
459 466 621 519 primas
652 464 789 505 lineas
835 476 1014 505 exarare
1060 462 1234 504 molitus
1266 476 1372 513 sum,
1404 461 1553 503 multis
1583 462 1646 503 la-

109 539 264 580 borare
294 535 426 586 vitiis3
458 533 695 575 adversarii
727 545 897 586 quoque
928 531 1014 572 alia
1046 530 1327 572 fundamenta
1359 530 1558 584 quaedam
1580 544 1647 585 sy-

109 605 300 648 stematis
344 602 573 656 indigitare
619 615 704 643 non
756 600 1058 654 dedignarunt.
1118 599 1228 640 Pace
1268 598 1647 641 celeberrimorum

110 676 300 718 virorum
331 672 422 714 haec
453 684 670 713 moneam:

225 742 332 783 Mihi
362 740 576 794 praecipue
606 738 707 780 vitio
741 738 924 779 vertitur
956 737 1071 792 quod
1102 740 1331 789 structurae
1363 736 1528 778 fructus
1550 750 1649 790 cap-

110 811 266 854 sularis
298 810 475 851 nimium
507 806 698 849 dederim
720 805 905 860 (Tlmret
935 807 981 848 in
1004 806 1065 848 Le
1086 805 1125 848 J
1123 806 1202 848 olis
1225 804 1322 858 Aly.
1347 804 1466 846 Mar.
1499 803 1645 847 Chcrb.

108 895 150 933 2).
183 881 267 932 ⁸24).
327 878 487 919 Verum
519 875 693 929 quidem
724 878 789 916 est
819 889 886 915 me
918 888 1002 916 non
1033 878 1203 915 tantum
1248 874 1304 915 ab
1349 873 1471 914 initio
1512 872 1650 913 credi-

112 949 237 1000 disse,
271 947 344 988 sed
375 946 505 987 etiam
536 947 686 998 postea
715 957 783 984 me
814 943 920 984 mihi
950 942 1088 997 magis
1121 942 1343 996 magisque
1384 941 1650 995 persuasisse

113 1020 377 1059 structuram
416 1013 783 1069 cystocarpiorum
815 1015 857 1053 et
887 1011 1157 1053 formationis
1204 1010 1379 1052 modum
1425 1009 1650 1065 gemmidi—

114 1100 235 1128 orum
266 1083 406 1125 nuclei
452 1082 634 1135 optimos
678 1080 873 1134 praebere
918 1079 1203 1129 characteres,
1249 1078 1407 1132 quibus
1439 1078 1652 1131 distingu-

113 1158 241 1196 antur
273 1166 430 1206 genera
461 1150 778 1200 Floridearum3
811 1152 853 1190 et
884 1147 1010 1189 hodie
1041 1160 1145 1188 sane
1177 1147 1381 1188 confiteor
1414 1160 1492 1195 me,
1524 1146 1655 1200 longa

114 1221 378 1277 experientia
408 1220 594 1270 doctum,
629 1218 800 1260 omnino
838 1217 1078 1259 convictum
1110 1229 1201 1257 esse
1245 1214 1389 1256 nullas
1435 1214 1656 1256 Florideas

115 1305 207 1333 esse
239 1289 445 1332 affinitate
472 1288 657 1342 junctas,
690 1300 785 1340 quae
818 1285 884 1327 his
915 1284 1241 1326 characteribus
1273 1298 1357 1324 non
1388 1283 1656 1324 conveniant.

117 1359 240 1411 Quod
283 1358 457 1412 quidem
503 1371 587 1398 non
632 1358 802 1397 tantum
846 1354 1057 1408 probatur
1105 1353 1301 1394 omnibus
1332 1351 1383 1392 iis
1415 1351 1657 1404 generibus,

118 1429 169 1469 de
201 1440 384 1481 quorum
415 1424 623 1466 affinitate
654 1423 723 1465 vix
754 1423 840 1465 sint
870 1422 1014 1472 dubia,
1046 1421 1120 1463 sed
1140 1420 1358 1475 praecipue
1379 1422 1472 1461 tota
1491 1419 1659 1460 familia

117 1494 520 1546 Rhodomelearum,
555 1507 741 1548 quarum
770 1491 919 1533 formae
952 1491 1006 1532 ab
1037 1489 1195 1532 infimis
1227 1488 1283 1530 ad
1315 1502 1538 1542 supremas
1560 1502 1658 1529 con-

118 1566 240 1606 tinua
271 1567 313 1605 et
343 1562 533 1604 naturali
577 1562 688 1603 serie
735 1559 1017 1602 adscendunt.
1077 1557 1121 1600 Si
1151 1558 1197 1599 in
1226 1557 1292 1599 his
1323 1557 1472 1599 formae
1502 1556 1660 1598 infimae

121 1632 360 1675 articulatae
392 1646 488 1672 cum
519 1630 815 1684 superioribus
847 1628 1061 1670 frondosis
1091 1631 1132 1668 et
1154 1626 1317 1668 foliosis
1340 1625 1529 1667 naturali
1551 1625 1660 1666 serie

120 1704 359 1753 nectantur,
392 1700 533 1741 nescio
565 1713 667 1741 sane
698 1711 833 1752 quare
864 1710 916 1738 ne
937 1696 1050 1737 idem
1072 1695 1290 1748 patiamur
1311 1694 1354 1734 in
1377 1693 1493 1745 aliis3
1526 1707 1662 1747 quare

122 1787 172 1812 110
219 1769 538 1820 Callithamnia,
585 1766 868 1819 Wrangelias,
915 1764 1150 1819 Spyridias,
1192 1775 1388 1818 quasque
1433 1775 1530 1803 cum
1575 1761 1661 1803 suis

122 1838 451 1894 perfectioribus
483 1837 840 1891 conjungeremus
858 1835 911 1889 ²⁸).

235 1908 300 1949 Ex
332 1921 379 1948 eo
410 1920 510 1947 vero
542 1905 657 1959 quod
688 1905 813 1945 unico
837 1902 1076 1944 characteri
1100 1902 1351 1956 (structurae
1374 1901 1540 1942 fructus
1563 1913 1662 1953 cap-

124 1977 300 2032 sularis)
330 1975 509 2016 nimium
541 1973 745 2024 dederim,
777 1972 898 2026 sequi
928 1971 1147 2013 videretur
1177 1970 1507 2024 dispositionem
1538 1983 1564 2010 a
1594 1983 1661 2010 me

125 2044 391 2099 propositam
421 2042 675 2097 neutiquam
704 2056 794 2084 esse
815 2053 914 2083 vere
936 2038 1193 2090 naturalem,
1215 2040 1414 2079 monente
1436 2036 1661 2087 Thureti03

126 2117 252 2166 urget
283 2116 433 2154 contra
463 2112 553 2165 ipse
585 2110 908 2164 dispositionem
938 2107 1263 2150 characteribus
1296 2105 1663 2160 cystocarpiorum

129 2181 526 2235 sphaerosporarum
558 2184 601 2220 et
631 2178 976 2221 antheridiorum
1006 2175 1132 2219 simul
1163 2174 1365 2217 adhibitis
1397 2174 1572 2215 fundari
1593 2174 1665 2216 de-

130 2251 244 2293 bere.
303 2249 369 2290 De
400 2249 479 2290 hoc
511 2262 558 2289 eo
589 2248 730 2289 minus
761 2248 805 2289 in
836 2246 977 2288 animo
1023 2249 1087 2288 est
1132 2244 1366 2298 disputare,
1413 2257 1547 2297 quum
1583 2241 1666 2283 alio

220 2363 253 2408 *)
280 2363 400 2406 Quum
435 2362 652 2397 Bornetiam
688 2364 731 2396 ut
768 2361 894 2396 Genus
932 2360 1127 2407 proprium
1163 2358 1395 2403 proponeret
1426 2355 1582 2399 Thuret,
1609 2367 1668 2389 me

131 2420 237 2464 quasi
262 2421 308 2454 ob
335 2419 601 2464 gravissimum
627 2431 794 2454 errorem
820 2418 954 2464 carpit,
980 2417 1079 2462 quod
1105 2416 1254 2461 (ignoto
1280 2413 1372 2448 mihi
1398 2413 1520 2447 adhuc
1544 2413 1669 2447 fructu

132 2476 467 2522 cystocarpiorum)
495 2475 670 2520 speciem,
696 2476 829 2510 habitu
856 2473 1132 2520 sphaerosporis
1162 2475 1199 2505 et
1225 2470 1431 2505 involucris
1451 2468 1669 2504 Griffithsiis

134 2533 378 2575 simillimam,
415 2532 661 2566 Griffithsiam
698 2532 886 2566 fecissem.
937 2531 1005 2575 Qui
1033 2530 1104 2564 hoc
1141 2529 1225 2563 loco
1262 2531 1463 2562 externum
1500 2525 1671 2560 habitum

134 2594 188 2628 ita
218 2590 486 2635 vilipenderet,
524 2590 623 2624 idem
660 2590 699 2623 in
737 2602 802 2624 suo
841 2592 1047 2634 systemate
1090 2585 1351 2630 Wrangelieas
1393 2583 1606 2619 Ceramieas
1634 2586 1672 2617 et

137 2648 350 2694 Spyridicas
376 2647 567 2691 proximas
594 2650 802 2690 enumerat,
829 2648 959 2691 spreta
984 2643 1246 2680 diversissima
1272 2644 1466 2676 structura
1484 2643 1671 2685 cystocar-

137 2707 296 2752 piorum,
323 2707 361 2738 ct
386 2704 572 2749 neglectis
611 2704 900 2749 sphaerosporis,
938 2714 1020 2747 quae
1048 2703 1136 2736 sunt
1161 2700 1200 2733 111
1237 2699 1440 2745 generibus
1478 2697 1673 2732 nonnullis

139 2762 306 2805 ejusdcm
332 2760 482 2793 familia}
511 2760 685 2795 divcrsae.
737 2761 916 2804 Quaenam
941 2760 1075 2794 horum
1101 2756 1275 2792 ordinum
1302 2756 1375 2790 alia
1401 2755 1451 2789 sit
1477 2766 1587 2799 quam
1611 2755 1674 2788 ha-

139 2819 239 2853 bitus
268 2816 488 2860 similitudo,
516 2827 574 2851 1110
602 2829 690 2851 sane
717 2816 837 2862 fugit!
