1757 3114
55 190 325 233 Rhabdom‘a.
718 188 959 230 SOLIERIEAE.
1507 189 1586 228 595

165 303 439 346 throclonium
484 302 684 345 Muelleri
728 303 864 344 Harv.
911 301 1008 354 Azy.
1047 305 1181 343 [castr.
1218 301 1365 343 exsicc.
1404 313 1474 342 nso
1507 301 1588 341 390

165 372 263 427 (nec
296 371 489 425 Sonder).
522 369 741 414 Chondria
771 370 1004 412 articulata
1035 384 1124 411 var.
1152 369 1332 423 macilis
1365 368 1447 421 Ay.

317 440 576 481 Tasmannia
608 444 650 481 et
680 438 784 481 Nov.
817 437 1051 479 Hellandia
1082 437 1299 479 australis.

142 520 227 555 Fila
251 520 436 556 interiora
459 520 499 554 in
536 520 661 555 medio
698 518 875 554 densiora
913 517 1078 562 speciem
1119 521 1234 553 costae
1272 517 1359 551 huic
1396 516 1588 552 tribuunt:

52 579 144 613 tubo
169 578 331 612 centrali
358 578 463 613 nullo
488 578 533 612 ab
559 575 863 621 Erythrocloniis
889 574 1142 610 conformibus
1169 575 1442 620 distinguatur.

56 658 119 698 13.
152 657 233 698 RH.
268 670 465 698 VIOLAOEA
496 656 563 711 (J.
595 656 676 710 Ay.
707 657 853 712 mser.)
884 655 1050 697 inferne
1093 655 1337 697 caulescens
1374 655 1589 705 continua,

165 739 350 779 superne
382 725 586 767 tubulosa
631 725 874 775 constricta,
922 724 1053 765 ramis
1098 724 1333 778 majoribus
1379 724 1591 778 elongatis

167 793 394 844 continuis,
427 792 591 834 inferne
622 794 666 834 in
697 792 927 834 verticillos
967 805 1127 845 paucos
1159 792 1361 844 collectis,
1393 793 1590 846 plurimis

166 862 365 914 virgatiin
411 862 604 909 ramosis,
651 860 831 902 ramulis
877 860 931 901 ad
978 860 1205 901 stricturas
1243 861 1398 914 saepius
1430 862 1590 914 sparsis

165 931 256 973 basi
287 931 439 972 eximie
485 930 732 979 attenuatis,
778 929 898 983 apice
929 929 1107 980 obtusis,
1147 930 1426 984 cystocarpiis
1460 964 1467 971 .
1500 964 1508 972 .
1541 964 1550 972 .
1582 964 1591 972 .

320 1000 386 1041 Ad
417 998 520 1054 Cap.
552 1000 593 1041 b.
626 999 736 1053 Spei.

148 1079 258 1114 Color
283 1079 360 1114 fere
388 1079 659 1124 Grateloupiae,
686 1082 725 1113 at
751 1081 981 1113 structuram
1014 1078 1250 1114 Rhabdoniae
1285 1079 1432 1123 (tubum
1458 1079 1591 1114 interi-

56 1148 159 1172 orem
186 1136 259 1171 filis
286 1138 506 1182 repletum),
533 1139 572 1170 et
599 1136 881 1181 sphaerosporas
907 1135 947 1169 in
974 1135 1145 1170 articulis
1165 1136 1352 1180 supremis
1372 1148 1590 1171 numerosas

57 1194 149 1238 vidi,
187 1195 233 1229 de
271 1194 457 1229 divisione
496 1197 630 1229 zonata
668 1195 1016 1239 sphaerosporarum
1054 1196 1180 1227 tamen
1220 1206 1294 1228 non
1331 1197 1458 1228 certus
1497 1207 1590 1229 snm.

59 1251 256 1286 Stricturae
283 1251 336 1286 ita
362 1262 490 1296 paucae
517 1254 559 1285 ut
583 1250 708 1285 forsan
734 1251 869 1286 melius
900 1250 1003 1285 inter
1041 1250 1188 1295 species
1227 1250 1407 1285 sectionis
1441 1254 1592 1286 antece-

57 1307 183 1342 dentis
210 1307 406 1342 militaret.

58 1413 133 1455 III.
164 1412 510 1454 BOTRYOMORPHA.
562 1413 733 1455 Fronde
753 1413 938 1466 juvenili
966 1414 1184 1466 ramisque
1214 1413 1377 1455 ultimis
1407 1414 1594 1455 subm-to·-

170 1482 571 1531 culmo-contractis,
618 1482 824 1523 adultiori
867 1481 1144 1524 subcontinuat
1179 1484 1384 1524 ramentis
1428 1483 1593 1536 simpli-

176 1549 378 1591 eiusculis
410 1550 771 1603 vesicoefhrmibus
803 1550 953 1592 obsita.

62 1642 125 1683 14.
156 1642 235 1683 RH.
268 1656 491 1683 cLoBmERA
523 1642 734 1694 (Lamour
778 1646 920 1695 mser.)
966 1642 1117 1683 fronde
1158 1642 1336 1695 juvenili
1376 1643 1596 1697 ramisque

171 1711 334 1752 ultimis
379 1711 964 1759 subartieulato-contractis,
1020 1712 1234 1753 adultiore
1281 1713 1483 1753 continua
1527 1727 1596 1754 ra-

173 1780 328 1820 mentis
360 1779 704 1833 simpliciusculis
736 1780 928 1821 obovatis
950 1780 1124 1822 demum
1147 1781 1411 1824 densissimis
1442 1782 1596 1826 obsita,

172 1847 382 1889 fructibus
415 1881 423 1888 .
458 1882 465 1889 .
499 1883 505 1889 .
538 1848 583 1890 J.
615 1847 696 1901 Ass.
732 1848 803 1901 Sp.
829 1863 874 1901 p.
907 1849 1001 1889 355.
1034 1850 1160 1903 (excl.
1184 1865 1273 1905 syn.
1295 1851 1426 1906 plur.)
1459 1851 1596 1892 Ham).

178 1915 305 1969 Phyc.
337 1920 470 1959 (castr.
503 1917 585 1958 tab.
620 1918 709 1958 129.
745 1917 888 1959 Fueus
915 1918 1151 1972 ylobiferus
1184 1920 1386 1962 Lamour.

328 1984 438 2027 Hab.
471 1984 573 2026 Nov.
606 1985 839 2026 Hollandia
871 1986 1160 2029 occidentalis.

151 2065 184 2098 A
211 2063 408 2108 speciebus
446 2057 524 2098 fere
562 2064 816 2099 conformibus
856 2064 1052 2109 Chrysym.
1091 2066 1221 2101 uvaria
1253 2070 1292 2101 et
1324 2068 1412 2103 Chr.
1438 2069 1600 2103 obovata

62 2132 131 2155 nec
156 2132 231 2155 non
258 2122 302 2155 ab
329 2122 487 2155 Aresch.
527 2120 681 2155 sedoide
720 2124 827 2155 caute
866 2121 1153 2167 distinguenda.
1203 2125 1375 2159 Nondum
1410 2126 1601 2170 suspicata

62 2177 227 2222 plurium
252 2178 550 2223 homomorphia,
579 2189 786 2222 synonyma
812 2179 909 2223 apud
941 2179 1082 2223 primos
1110 2181 1368 2226 descriptores
1395 2183 1599 2216 confunde-

62 2235 219 2277 bantur3
247 2238 441 2269 structura
466 2235 628 2269 omnium
658 2235 872 2270 examinata
897 2236 1173 2281 dignoscantur
1198 2237 1360 2273 facilius.

474 2340 640 2393 Species
671 2342 887 2395 affinitate
917 2341 1023 2383 mihi
1053 2342 1195 2384 dubia.

65 2444 175 2487 Rus?
206 2443 377 2486 JARDINI
408 2444 476 2498 (J.
509 2445 590 2498 Ay.
621 2447 768 2500 mser.)
798 2445 950 2486 fronde
980 2445 1144 2487 inferne
1166 2445 1354 2487 firmiore
1376 2447 1601 2489 subcaule-

179 2515 334 2562 scente,
357 2525 540 2565 superne
571 2512 780 2564 molliore,
813 2514 944 2554 ramis
976 2513 1484 2567 tubuloso-complanatis
1506 2517 1601 2569 pin-

178 2584 294 2632 nata,
317 2580 459 2634 pinnis
490 2580 585 2622 basi
615 2582 870 2635 angustatis.
903 2581 1096 2634 apicibus
1129 2582 1602 2636 subulato-attenuatis,

179 2648 473 2702 superioribus
503 2648 546 2689 in
577 2649 753 2691 rachide
793 2649 918 2703 longe
957 2649 1169 2702 producta
1209 2650 1478 2693 brevioribus
1510 2653 1604 2694 basi

179 2715 270 2759 lata
299 2716 470 2757 adnatis
502 2716 846 2770 dentiformibus,
878 2717 1091 2760 fructibus
1123 2751 1131 2759 .
1163 2752 1172 2760 .
1204 2752 1211 2759 .
1455 2769 1460 2773 ι

181 2785 293 2828 Hab.
324 2785 380 2827 ad
410 2784 579 2827 Insulas
601 2784 857 2828 Noukahiva
878 2785 1073 2840 (Jardinl
1105 2787 1149 2828 in
1170 2787 1251 2829 Hb.
1273 2787 1333 2830 Le
1350 2788 1603 2847 Normand).

159 2864 386 2911 Specimina‚
413 2876 496 2909 quae
524 2864 618 2909 vidi,
643 2865 773 2900 formae
806 2865 899 2899 mihi
925 2864 1065 2911 ignotae
1093 2868 1182 2900 sunt
1207 2866 1462 2903 exsiccatione
1488 2871 1605 2904 maxi=

69 2933 223 2968 mopere
248 2923 429 2967 collapsa,
456 2933 526 2956 nec
552 2923 648 2958 bene
674 2922 956 2958 reviviscentia.
1007 2922 1043 2956 Si
1071 2926 1300 2957 structuram
1334 2924 1407 2958 rite
1438 2928 1604 2973 percepi⁷

1408 2982 1472 3015 38*
