1762 3036
127 123 208 166 144
689 114 1085 160 CRYPTONEMIAOEAE.
1362 114 1660 171 Pachymenia.

241 239 385 278 scente
432 233 643 275 cohibitis.
720 231 1000 286 Cystocarpia
1045 244 1122 285 per
1167 230 1365 272 frondem
1408 245 1571 284 sparsa,
1618 232 1662 272 in

239 305 400 359 cryptis
423 316 535 356 saepe
557 301 843 354 pluriseriatis
865 302 981 341 intra
1002 303 1188 341 stratum
1210 299 1410 341 corticale
1432 300 1660 351 excavatis,

238 378 281 414 et
311 372 609 414 secedentibus
639 369 722 411 filis
754 370 928 423 apertis,
973 368 1173 409 nucleum
1205 368 1467 422 adparenter
1499 368 1662 421 simpli-

238 457 341 493 cem,
374 444 512 483 strato
542 439 718 493 proprio
739 437 1139 498 circum-nucleari,
1171 436 1254 478 filis
1277 437 1537 478 reticulatim
1560 451 1661 478 ana-

239 509 576 553 stomosantibus
608 509 665 550 ad
695 507 1031 561 carpostomium
1052 504 1392 548 conducentibus
1414 507 1661 557 constituto,

239 581 425 621 cinctum
463 577 667 628 foventia3
698 576 875 617 nucleus
914 589 940 616 a
969 574 1100 627 plexu
1129 574 1300 616 filorum
1332 575 1489 615 sensim
1520 578 1663 615 trans-

242 653 410 690 mutato
442 652 575 693 ortus,
608 645 774 687 cellulis
805 644 1105 686 matricalibus
1136 643 1332 697 pluribus
1368 648 1485 685 certo
1515 644 1663 685 ordine

241 720 311 760 vix
359 717 592 771 dispositis,
632 716 805 757 demum
837 714 1071 768 gemmidia
1100 713 1290 767 plurima
1318 713 1485 753 minuta
1514 717 1663 754 rotun-

239 786 575 840 dato-angulata
619 784 812 837 gelatina
857 782 1075 824 ambiente
1121 781 1211 822 sine
1257 780 1406 822 ordine
1437 781 1664 833 conspicuo

241 855 433 897 cohibita
453 854 689 895 continens.
731 851 1045 904 Sphoerosporce
1067 853 1202 891 strato
1225 849 1417 890 corticali
1440 849 1663 900 immersae,

243 937 405 977 sparsae
438 923 652 975 elongatae
685 920 911 961 cruciatim
942 918 1100 959 divisae.

240 1004 434 1058 Speciem
464 1002 593 1055 hujus
615 1000 794 1042 Generis
815 1000 859 1040 in
881 998 1111 1052 Speciebus
1133 997 1226 1051 Alg.
1250 997 1304 1038 ad
1327 996 1665 1052 Schizymeniam

125 1073 269 1124 1etuli,
314 1072 435 1126 cujus
481 1070 662 1112 Generis
708 1069 906 1110 habitum
952 1071 995 1109 et
1033 1070 1296 1109 structuram
1337 1080 1506 1120 quoque
1538 1067 1666 1109 habet

124 1142 427 1197 Pachymenia,
474 1140 556 1181 nisi
591 1138 706 1193 quod
747 1138 925 1179 frondes
957 1141 1057 1178 sunt
1087 1136 1223 1177 multo
1255 1136 1500 1181 crassiohes
1533 1136 1665 1177 exsic-

126 1213 294 1253 catione
341 1210 555 1252 coriaceo-
538 1222 737 1257 -corneae
787 1212 830 1249 et
876 1210 1062 1248 stratum
1112 1205 1313 1247 corticale
1354 1191 1664 1258 amplissimum

125 1281 208 1323 filis
255 1279 531 1321 verticalibus
572 1276 836 1330 longissimis
868 1276 1163 1317 constitutum.
1222 1273 1308 1315 Ubi
1339 1277 1524 1314 stratum
1555 1273 1664 1314 inte-

124 1350 216 1390 rius
262 1349 306 1389 in
344 1347 548 1389 corticale
579 1346 684 1395 abit,
716 1344 790 1386 fila
821 1345 1020 1386 breviora
1051 1342 1291 1384 evidentius
1323 1341 1528 1383 stellatim
1560 1355 1664 1382 ana-

125 1418 410 1460 stomosantia
431 1420 615 1458 stratum
636 1415 726 1456 fere
747 1414 972 1468 proprium
993 1412 1297 1453 intermedium
1318 1410 1517 1452 efficiunt.
1548 1410 1664 1451 Prae-

126 1488 254 1541 cipua
285 1490 428 1528 autem
462 1484 707 1526 differentia
737 1483 918 1525 Generis
950 1483 994 1523 in
1025 1485 1246 1523 structura
1277 1484 1319 1522 et
1340 1481 1425 1522 situ
1445 1480 1664 1521 fructuum

124 1557 285 1610 posita3
331 1556 375 1596 in
420 1553 717 1608 Schizymenia
755 1550 869 1592 infra
900 1553 1086 1592 stratum
1117 1549 1318 1591 corticale
1350 1547 1524 1602 singula
1555 1548 1663 1588 serie

126 1625 434 1678 disponuntur3
467 1623 511 1663 in
542 1620 832 1674 Pachymenia
862 1618 1131 1673 cystocarpia
1161 1632 1237 1671 per
1267 1616 1414 1671 plures
1446 1616 1578 1657 series
1601 1615 1664 1656 di-

126 1694 289 1747 sposita
335 1691 561 1744 adparent,
611 1688 899 1729 adultioribus
937 1686 1229 1732 interioribus,
1257 1685 1501 1739 junioribus
1533 1684 1663 1724 series

126 1762 360 1804 exteriores
393 1759 694 1801 formantibus.
754 1756 989 1798 Inchoatur
1019 1769 1172 1808 nempe
1204 1754 1516 1809 cystocarpium
1548 1754 1590 1793 in
1614 1766 1663 1793 ra

126 1834 312 1872 stratum
344 1827 566 1879 corticale;
599 1826 678 1867 hoc
711 1828 847 1867 strato
879 1828 1123 1866 extrorsum
1152 1823 1352 1864 continuo
1385 1822 1661 1866 increscente,

126 1902 274 1953 partes
319 1897 546 1939 interiores
593 1895 720 1937 strati
765 1893 981 1935 corticalis
1028 1893 1084 1934 ad
1129 1895 1314 1933 stratum
1360 1890 1662 1931 intermedium

125 1969 353 2008 transeunt
384 1969 426 2007 et
447 1963 716 2019 cystocarpia
738 1962 955 2003 adultiora
976 1960 1086 2002 fiunt
1107 1960 1325 2001 interiora.
1363 1958 1555 2000 Primam
1577 1959 1662 2000 ori-

126 2036 266 2089 ginem
301 2033 556 2089 cystocarpii
588 2044 823 2084 agnoscere
854 2030 1002 2083 putavi
1033 2030 1076 2070 in
1102 2027 1257 2069 cellula
1279 2027 1470 2081 quadum
1490 2026 1662 2068 filorum

125 2102 406 2149 verticalium,
453 2101 688 2141 directione
728 2099 946 2151 tangentis
979 2097 1174 2143 dilatata,
1206 2095 1460 2137 fasciculum
1491 2095 1660 2136 filorum

126 2171 376 2213 breviorum
409 2172 451 2211 et
480 2168 829 2209 tenuissimorum
858 2166 1099 2217 emittente3
1128 2165 1218 2206 haec
1239 2163 1311 2205 fila
1333 2164 1459 2206 strati
1481 2165 1661 2204 circum-

125 2239 344 2281 nuclearis
389 2239 573 2292 primam
612 2237 819 2290 originem
859 2235 1026 2289 putavi3
1074 2233 1289 2275 exteriora
1320 2233 1661 2274 anastomosibus

126 2322 285 2350 sensim
325 2307 476 2361 juncta
519 2305 622 2353 vidi;
668 2305 878 2346 interiora
926 2302 1208 2344 increscentia
1241 2304 1283 2342 et
1328 2301 1485 2343 sensim
1523 2300 1661 2353 magis

127 2376 349 2419 subdivisa
392 2375 533 2428 ipsum
571 2373 771 2414 nucleum
808 2371 980 2413 demum
1012 2369 1337 2420 constituentia3
1382 2368 1661 2410 inter-medios

127 2449 267 2488 status
312 2445 425 2486 inter
470 2443 670 2485 nucleum
715 2441 898 2483 maxime
939 2439 1172 2494 juvenilem
1218 2443 1260 2480 et
1311 2438 1572 2480 adultiorem
1618 2438 1660 2478 111

126 2513 418 2568 Pachymenia
448 2515 592 2553 tamen
625 2524 710 2552 non
741 2509 839 2550 vidi.

240 2583 289 2623 In
319 2581 400 2622 hoc
433 2580 612 2630 Genere,
644 2582 693 2619 ut
722 2579 766 2619 in
787 2577 994 2631 proximis
1016 2575 1288 2629 quibusdam,
1309 2574 1660 2629 cystocarpiaju-

127 2651 295 2697 venilia,
328 2648 486 2690 cellula
517 2646 731 2689 matricali
761 2660 856 2687 cum
887 2644 1092 2686 fasciculo
1122 2643 1291 2685 filorum
1312 2643 1660 2684 tenuissimorum

128 2719 375 2768 constituta,
421 2716 582 2770 plantae
619 2715 1008 2767 Nematospermeae
1044 2711 1209 2753 fructus
1246 2711 1413 2752 facilius
1449 2710 1658 2751 crederes.

128 2787 212 2829 Sed
243 2785 504 2840 comparatis
535 2784 747 2826 fructibus
770 2783 1037 2825 diversorum
1058 2781 1296 2834 specierum
1318 2779 1484 2820 diverso
1503 2778 1657 2830 stadio,

129 2854 340 2912 ejusmodi
385 2851 640 2894 fasciculum
671 2852 880 2906 originem
911 2849 1036 2892 strati
1074 2847 1471 2889 circum-nuclearis
1503 2847 1659 2888 cousti-
