1762 3036
87 111 140 153 H
136 109 436 153 aloz‘hawmion.
711 105 948 148 CERAMIEAE.
1577 111 1627 151 53

197 223 247 264 In
278 221 508 275 Speciebus
540 221 751 275 Algarum
782 219 927 260 Genus
950 218 1261 274 Corynosporae
1285 222 1509 275 speciebus
1533 224 1628 277 qui-

85 291 267 334 busdam
297 290 410 331 inter
442 288 781 330 Callithamnion
813 291 855 329 et
886 288 1171 330 (h’iffitlisiam
1202 290 1327 343 quasi
1359 290 1628 333 intermediis

84 358 302 413 proposui.
346 358 395 398 In
424 357 490 407 iis‚
525 371 633 411 quas
662 356 716 397 ad
739 355 1084 409 Corynosporam
1105 356 1245 408 retuli,
1272 358 1496 410 speciebus
1519 359 1631 400 inest

84 427 282 481 quaedam
328 426 371 466 in
402 425 655 466 membrana
693 423 858 465 frondis
898 427 941 464 et
980 425 1225 466 substantia
1265 425 1502 467 similitudo
1533 440 1629 467 cum

83 494 334 542 Griffithsia,
368 507 456 547 qua
486 494 670 534 elucente
708 490 852 545 plures
893 492 1054 544 species
1087 493 1142 533 ad
1174 492 1458 534 Griffithsiam
1488 499 1630 536 trans-

84 563 282 605 ferendas
315 576 406 604 esse
437 565 566 603 antea
595 560 907 602 contenderant
938 561 1153 613 nonnulli3
1186 562 1276 616 ipse
1299 567 1450 604 contra
1472 576 1498 603 a
1518 563 1630 605 veris

82 631 331 673 Grifflthsiis
362 631 525 672 alienas
568 632 834 683 putaveram.
894 628 953 670 Ut
984 629 1157 683 utrique
1189 631 1379 684 opinioni
1409 631 1630 672 satisface-

82 714 175 742 rem
212 698 521 741 intermedium
552 710 687 751 genus
718 696 898 747 institui,
939 696 1055 750 quod
1087 710 1185 738 vero
1225 702 1267 739 et
1303 698 1630 740 characteribus

81 772 124 810 et
153 767 369 809 limitibus
400 767 455 809 ab
485 766 609 807 initio
641 764 885 815 vaccillans,
930 764 1056 806 hodie
1098 766 1270 807 0111111110
1309 766 1630 808 dissolvendum

82 838 258 880 credidi.
321 837 371 878 In
402 835 647 890 speciebus
668 848 776 888 quas
808 834 966 875 Generi
1004 834 1169 889 typicas
1210 836 1325 885 finxi,
1366 836 1524 877 adsunt
1555 849 1627 878 or—

82 921 209 961 gana,
233 920 329 961 quae
352 904 497 960 quoad
519 906 723 944 naturam
745 902 893 944 forsan
915 902 1056 943 adhuc
1088 902 1221 945 dubia
1251 903 1567 955 existimantur,
1601 918 1626 945 a

80 990 148 1017 me
193 979 242 1017 ut
286 974 596 1028 spliaerosporae
641 970 835 1012 indivisae
881 970 1111 1024 descripta,
1159 971 1214 1012 ab
1260 972 1480 1026 Algologis
1527 986 1627 1014 vero

80 1043 392 1097 posterioribus
428 1041 570 1095 potius
610 1052 775 1092 organa
813 1039 1066 1081 Gemmidiis
1109 1039 1295 1094 analoga
1334 1041 1629 1093 considerata3

82 1112 246 1166 species
277 1111 343 1152 his
375 1111 609 1152 instructas
632 1122 768 1162 genus
790 1108 855 1149 sui
871 1108 982 1162 juris
1014 1109 1274 1150 constituere
1306 1109 1504 1151 hodierni
1534 1109 1630 1163 plu-

80 1183 178 1223 rimi
209 1180 460 1223 concedunt.
521 1178 565 1221 Si
597 1191 762 1232 organa
792 1181 1032 1219 memorata
1072 1170 1223 1220 revera
1253 1178 1498 1220 Gemmidia
1530 1180 1627 1231 sint,

81 1254 213 1304 patet,
260 1254 310 1291 ut
345 1254 559 1303 putarem,
598 1248 744 1290 Genus
784 1260 876 1288 esse
908 1247 1194 1301 Wrangelieis
1241 1249 1629 1300 adnumerandum,

81 1334 158 1361 nec
187 1318 277 1360 ullo
309 1318 435 1359 modo
467 1316 812 1358 Callithamnieis
844 1316 1236 1370 adproximandum
1269 1331 1372 1359 esse.

193 1387 339 1440 Longe
370 1385 457 1428 alia
487 1389 552 1427 est
582 1385 695 1426 ratio
728 1383 901 1426 Callith.
940 1384 1121 1427 flexuosi
1162 1389 1204 1427 et
1242 1387 1493 1439 specierum,
1534 1401 1629 1441 quae

80 1457 136 1498 ad
175 1461 325 1511 typum
361 1456 488 1510 hujus
528 1455 710 1496 conditae
751 1454 977 1507 adparent.
1037 1455 1087 1495 In
1119 1454 1163 1496 O.
1196 1454 1386 1497 flexuoso
1429 1455 1630 1497 favellam

80 1526 150 1567 vix
181 1525 371 1574 dubiam,
393 1523 625 1571 involucro,
648 1526 793 1563 tamen
817 1521 1137 1575 aliquantulum
1159 1523 1347 1577 obliquo,
1370 1524 1630 1565 instructam

77 1596 168 1649 jam
200 1594 454 1648 depinxerat
485 1592 728 1646 Montagne‚
762 1592 835 1645 qui
866 1592 945 1633 hoc
977 1591 1229 1634 charactere
1274 1592 1410 1634 fretus
1460 1607 1631 1647 quoque

81 1664 329 1706 Griffithsiae
368 1663 552 1717 speciem
591 1662 889 1704 constituerat.
951 1662 984 1702 F
988 1661 1134 1703 avellae
1176 1662 1303 1717 hujus
1342 1677 1494 1704 revera
1531 1667 1631 1705 sunt

79 1733 124 1774 in
155 1732 363 1786 pedicello
409 1731 670 1780 terminales„
717 1730 997 1771 circumcirca
1042 1731 1190 1772 cinctae
1236 1731 1417 1772 ramulis
1463 1732 1628 1774 involu-

79 1800 302 1842 crantibus
333 1799 532 1849 incurvis,
579 1813 656 1840 suo
703 1799 914 1840 diametro
961 1798 1182 1841 sterilibus
1229 1800 1629 1854 duplo-quadruplo

80 1869 361 1919 tenuioribus,
395 1868 591 1910 articulis
624 1871 827 1909 caeterum
850 1868 939 1909 fere
961 1868 1252 1911 conformibus
1284 1868 1498 1923 elongatis
1529 1885 1629 1912 con-

81 1939 255 1989 stitutis,
287 1938 533 1979 immediate
564 1937 679 1978 infra
708 1936 909 1978 nucleum
949 1937 1132 1979 Favellae
1171 1939 1511 1992 egredientibus3
1551 1954 1629 1980 nu-

81 2007 197 2049 cleus
228 2007 321 2049 basi
353 2006 616 2060 subplanata
661 2021 794 2059 supra
838 2005 1099 2059 pedicellum
1132 2010 1174 2047 et
1204 2008 1415 2048 involucri
1462 2012 1630 2061 partem

80 2077 330 2117 inferiorem
361 2090 589 2129 expansus,
622 2075 722 2116 (lein
743 2074 833 2116 fere
856 2074 1222 2128 hemisphaericus,
1245 2076 1362 2117 intra
1384 2077 1630 2129 periderma

82 2144 304 2199 hyalinum
336 2144 567 2197 genimidia
599 2143 798 2196 plurima,
840 2143 977 2196 quasi*
1008 2143 1063 2184 ab
1103 2144 1307 2185 interiore
1346 2147 1492 2185 centro
1525 2159 1630 2198 quo—

84 2226 344 2267 quoversum
375 2212 594 2254 radiantia
615 2212 1086 2265 rotundato-angulata
1107 2212 1266 2253 fovens.
1309 2212 1628 2266 Sphaerosporae

84 2281 128 2321 in
161 2278 205 2320 C.
229 2279 421 2321 flexuoso
445 2285 486 2321 et
507 2280 729 2333 speciebus
752 2279 850 2320 huic
872 2280 1078 2333 proximis
1101 2284 1400 2334 congruentes,
1433 2284 1631 2321 constant

83 2348 220 2402 sporis
265 2348 454 2389 breviter
499 2348 668 2398 c-onicis,
716 2362 801 2389 non
841 2351 1010 2389 tantum
1043 2348 1069 2388 4
1100 2348 1174 2389 sed
1206 2348 1403 2401 plurimis
1436 2348 1572 2402 (nunc
1605 2349 1629 2389 8

82 2431 195 2458 nunc
229 2418 278 2458 16
310 2420 352 2458 et
381 2416 529 2458 forsan
560 2417 706 2470 plures
728 2416 872 2457 videre
894 2416 1095 2471 credidi),
1116 2417 1232 2457 intra
1254 2416 1500 2469 periderma
1522 2417 1627 2471 hya-

81 2486 215 2526 linum
239 2485 363 2539 quasi
385 2499 410 2526 a
431 2489 577 2527 centro
600 2485 887 2526 radiantibus.
920 2484 1145 2538 Ejusmodi
1164 2484 1474 2537 sphaerosporae
1494 2486 1537 2525 in
1559 2499 1628 2526 ra-

81 2554 208 2595 mulis
240 2554 310 2594 vix
331 2553 507 2594 mutatis
529 2553 734 2594 interiore
754 2552 892 2593 latere
914 2552 1097 2603 seriatae,
1122 2552 1176 2592 ad
1200 2551 1406 2592 articulos
1431 2552 1626 2606 singulae.

195 2624 340 2664 Genus
373 2622 697 2664 characteribus
730 2621 875 2663 allatis
908 2621 1131 2662 definitum
1153 2621 1269 2661 inter
1293 2619 1629 2663 Callithamnion

83 2697 124 2734 et
157 2692 439 2734 Griffithsiam
485 2692 655 2733 omnino
701 2690 1006 2732 intermedium
1051 2690 1156 2730 mihi
1188 2689 1404 2742 adparuit.
1465 2689 1530 2731 Ob
1562 2690 1628 2731 fa-

82 2761 214 2802 vellas
246 2760 465 2802 involucro
496 2761 671 2809 cinctas,
696 2761 740 2801 in
763 2761 883 2813 apice
914 2758 1112 2812 pedicelli
1144 2757 1405 2804 terminales„
1440 2772 1465 2799 a
1497 2758 1628 2800 Calli-

82 2830 276 2871 thamnio
308 2829 490 2879 recedit3
529 2830 582 2871 ob
613 2833 831 2871 texturam
862 2827 1040 2879 frondis,
1074 2841 1168 2881 quae
1201 2828 1340 2880 magis
1372 2825 1627 2869 Callitham-
