1757 3114
124 127 202 167 522
623 126 1124 168 HELMINTHOCLADIACEAE.
1376 128 1653 173 Galaoeaura.

234 238 396 280 Praeter
428 240 517 280 haeo
548 238 620 279 fila
650 238 1036 293 glandulaeformia,
1059 254 1153 293 quae
1170 241 1348 294 juvenili
1368 246 1495 283 aetate
1517 245 1653 283 totam

121 306 389 360 superficiem
422 307 653 358 obducunt,
685 313 727 348 et
759 307 944 348 colorem
974 321 1241 361 purpureum
1272 308 1414 351 frondi
1445 309 1652 360 tribuant,

120 375 249 416 certis
279 375 397 417 locis.
422 388 573 427 nempe
604 375 658 415 ad
690 376 916 416 stricturas
949 380 991 416 et
1013 376 1155 428 apices
1186 377 1464 424 ramulorum,
1497 377 1654 418 adsunt

121 442 316 486 fasciculi
348 444 518 484 filorum
549 443 792 498 longiorum
821 470 876 475 —
906 444 980 484 fila
1012 443 1306 485 Callithamnii
1337 447 1444 487 mire
1465 445 1653 486 referen-

120 512 228 552 tium
259 536 314 542 —
343 525 437 564 quae
469 511 512 551 in
544 512 664 553 icone
695 511 966 566 Phycologiae
996 513 1200 553 australis
1231 513 1317 554 tab.
1353 514 1428 554 136
1460 513 1654 566 depinxit

121 581 300 634 Harvey.
360 580 442 621 Sed
476 595 558 622 non
590 586 759 623 tantum
791 582 923 634 apice,
957 585 1006 622 ut
1034 581 1167 623 habet
1198 582 1377 636 Harvey,
1418 583 1492 623 sed
1523 582 1653 623 etiam

120 650 175 690 ad
207 650 430 690 stricturas
463 650 530 690 hic
561 651 648 691 illic
679 655 912 704 praesentes
943 675 998 681 —
1028 650 1117 692 fere
1140 655 1187 692 ut
1208 651 1428 692 involucra
1457 650 1652 693 Griffith-

120 718 281 758 siarum
310 743 366 749 —
396 732 508 759 nunc
539 719 709 760 adsunt.
750 719 815 759 An
847 719 1066 772 quandam
1096 732 1193 759 cum
1223 718 1552 761 fructificatione
1583 733 1652 760 00-

122 786 356 827 haerentem
387 786 648 828 functionem
680 788 769 828 haec
801 788 999 838 habeant,
1031 792 1080 829 ut
1110 788 1351 841 suspicatus
1373 792 1438 829 est
1469 788 1651 843 Harvey,

121 854 224 895 mihi
256 855 426 896 omnino
457 855 687 897 obscurum
718 860 874 897 manet.
936 854 1019 896 Ubi
1050 869 1167 896 novae
1206 860 1352 909 partes
1391 856 1652 907 evolvantur,

121 923 210 964 haec
240 924 455 977 praecipue
485 925 718 977 praesentia
747 924 853 965 mihi
890 924 1174 973 obvenerunt,
1206 938 1319 965 nunc
1350 924 1404 966 ab
1434 924 1537 977 ipsis
1568 924 1652 965 cel-

119 991 218 1033 lulis
250 991 593 1045 superficialibus
630 992 935 1045 provenientia,
979 1005 1092 1032 nunc
1122 1006 1148 1032 a
1178 991 1343 1033 cellulis
1373 991 1651 1045 infrapositis,

120 1060 330 1113 simplicia
361 1065 436 1101 aut
466 1060 552 1101 ima
583 1061 675 1102 basi
706 1061 885 1107 furcata,
919 1064 962 1100 et
990 1060 1224 1113 interjectis
1256 1061 1300 1101 ni
1329 1060 1457 1102 fallor
1488 1059 1652 1101 cellulis

119 1128 375 1178 rotundatis,
408 1141 503 1182 quae
541 1129 698 1170 sensim
728 1128 772 1168 in
803 1141 967 1179 organa
1012 1142 1110 1181 mox
1155 1127 1371 1181 descripta
1416 1127 1651 1181 glandulae-

118 1196 273 1237 formia
302 1196 449 1237 forsan
480 1197 650 1237 abeant.
711 1196 811 1237 Haec
850 1195 923 1236 fila
954 1194 1371 1245 Callithamnioidea,
1404 1210 1499 1249 quae
1530 1196 1574 1237 in
1604 1196 1652 1237 G.

118 1265 364 1317 marginata
394 1265 522 1306 certis
556 1268 726 1306 tantum
756 1264 860 1305 locis
890 1264 1160 1317 proveniunt,
1207 1263 1392 1318 analoga
1436 1268 1539 1317 puto
1570 1264 1653 1306 filis

119 1346 213 1386 quae
247 1334 290 1373 111
336 1333 587 1375 Galaxaura
632 1333 922 1386 lapidescente
968 1337 1104 1374 totam
1149 1331 1418 1386 superficiem
1463 1335 1652 1374 tomento

118 1401 348 1443 obducunt.
408 1402 500 1452 Quo
532 1406 741 1455 respectu,
775 1402 809 1442 si
840 1415 992 1443 revera
1023 1401 1241 1454 quandam
1272 1415 1369 1442 cum
1390 1401 1652 1442 incremento

117 1470 277 1523 plantae
308 1471 497 1512 habeant
528 1471 695 1520 neXum,
728 1470 906 1524 insignis
938 1470 1156 1511 videretur
1186 1470 1298 1510 inter
1330 1470 1489 1522 species
1512 1469 1650 1511 diver-

118 1552 187 1580 sas
225 1538 482 1580 Galaxaurae
529 1538 784 1587 differentia,
833 1552 962 1592 quam
998 1539 1042 1579 in
1078 1538 1365 1591 descriptione
1411 1538 1649 1591 specierum

119 1607 342 1660 hucusque
373 1607 545 1648 omnino
576 1606 869 1661 neglexerunt.

230 1675 308 1718 Est
338 1677 417 1718 hoc
448 1690 619 1730 quoque
652 1676 1094 1727 animadvertendum,
1133 1689 1223 1717 esse
1254 1675 1298 1715 in
1328 1674 1526 1728 plurimis
1557 1688 1652 1728 spe-

117 1744 263 1786 ciebus
294 1745 457 1786 nullam
488 1745 601 1786 inter
630 1749 799 1798 partem
838 1745 1103 1798 superiorem
1135 1748 1176 1785 et
1205 1743 1452 1785 inferiorem
1487 1743 1651 1785 frondis

117 1812 403 1855 differentiam
435 1813 577 1864 aliam,
611 1828 740 1868 quam
773 1827 867 1867 quae
898 1827 949 1854 ex
980 1813 1149 1854 diversa
1179 1815 1305 1853 aetate
1326 1811 1494 1853 facilius
1516 1811 1649 1864 expli-

117 1886 250 1922 catur.
312 1882 361 1922 In
392 1882 441 1924 G.
473 1883 719 1936 marginata
748 1896 847 1923 vero
879 1885 943 1923 est
974 1881 1105 1934 stipes
1136 1880 1439 1922 teretiusculus
1470 1880 1651 1921 circum-

117 1950 232 1990 circa
261 1950 552 2003 lanuginosus,
584 1949 674 1992 fere
706 1953 754 1990 ut
784 1949 902 1991 frons
934 1949 1130 2002 superior
1161 1948 1211 1990 G.
1242 1948 1543 2001 lapidescentis
1575 1966 1650 1998 —3

118 2031 169 2058 ex
200 2018 319 2069 apice
351 2022 495 2058 autem
527 2017 654 2071 hujus
686 2017 844 2071 stipitis
876 2018 1001 2070 quasi
1032 2017 1161 2069 stirps
1193 2017 1478 2069 heterogenea
1499 2030 1649 2070 prove-

116 2085 179 2126 nit
210 2084 259 2126 G.
290 2085 557 2138 marginatae,
590 2085 642 2126 iis
674 2100 781 2138 quos
820 2098 951 2137 supra
988 2084 1194 2137 descripsi
1231 2084 1553 2126 characteribus
1584 2085 1649 2126 111-

117 2153 261 2206 signis.
313 2152 604 2194 Galaxauram
637 2153 971 2206 lapidescentem
1004 2156 1173 2193 tantum
1205 2166 1294 2193 esse
1326 2153 1514 2206 stipitem
1542 2152 1649 2194 infe-

116 2222 274 2263 riorem
305 2222 354 2263 G.
386 2222 638 2275 marginatae
671 2226 746 2262 aut
783 2222 941 2274 plantae
981 2221 1213 2262 subsimilis
1249 2221 1395 2263 forsan
1432 2222 1527 2276 quis
1559 2236 1649 2263 cre-

117 2289 254 2331 deret.
315 2289 423 2331 Mihi
453 2294 598 2330 tamen
629 2304 712 2331 non
744 2290 805 2330 ita
836 2289 1050 2342 adparuit.
1092 2289 1141 2330 In
1173 2289 1433 2331 Galaxauris
1463 2290 1649 2343 propriis

117 2359 257 2400 minor
289 2363 353 2400 est
382 2359 496 2400 inter
541 2362 708 2412 partem
752 2358 998 2399 inferiorem
1044 2358 1197 2411 saepius
1243 2359 1575 2409 teretiusculam,
1609 2363 1651 2400 et

117 2426 395 2480 superiorem,
428 2427 661 2480 aliquando
693 2440 991 2479 compressam,
1024 2425 1278 2468 differentia.
1328 2427 1377 2467 In
1408 2427 1457 2468 G.
1490 2427 1649 2480 margi-

117 2499 220 2535 nata
250 2495 340 2535 haec
372 2494 615 2536 differentia
649 2495 836 2545 excellit3
878 2493 967 2535 fere
1007 2494 1170 2535 diceres
1209 2498 1257 2535 ut
1286 2494 1433 2549 phylla
1470 2494 1650 2535 fructifi-

118 2562 263 2604 cantia
293 2562 492 2616 laevigata
513 2576 539 2603 a
559 2562 782 2604 frondibus
815 2562 1034 2603 sterilibus
1066 2561 1334 2603 muriculatis
1366 2561 1648 2603 Thamnoclo-

117 2631 287 2672 niorum
317 2630 496 2671 invicem
526 2630 743 2672 recedunt.
786 2630 834 2671 In
865 2629 1132 2677 Galaxauris,
1157 2643 1264 2683 quas
1296 2630 1466 2671 nomine
1493 2630 1648 2671 Dicho-

119 2698 311 2740 tomariae
358 2698 543 2751 sejunxit
584 2699 808 2749 Decaisne,
854 2712 931 2739 nec
976 2698 1099 2739 adest
1129 2698 1219 2739 haec
1250 2698 1294 2738 in
1325 2697 1374 2739 G.
1404 2697 1649 2751 marginata

119 2767 225 2808 adeo
259 2767 489 2821 conspicua
519 2766 773 2810 differentia.
