1757 3114
69 125 149 166 ⁶2ss8
719 117 961 160 SrYfflDfflAE.
1378 111 1599 165 Spyridia.

184 251 266 291 que
311 240 485 277 externe
532 231 786 277 articulatis,
835 227 1030 270 articulis
1071 226 1293 272 distinctis,
1334 225 1601 278 longioribus

184 305 537 357 brevioribusque
569 299 897 347 alternantibus7
935 296 1202 349 longioribus
1242 295 1443 336 corticem
1482 293 1602 347 poly-

185 375 429 430 siphonium
462 371 758 417 articuloruim
791 366 1061 409 brevioribus
1107 364 1400 417 geniculorum
1446 362 1602 403 consti-

185 444 418 489 tuentibus,
451 440 639 482 ramellis
679 436 968 492 piliforinibus
999 433 1174 487 sparsis,
1207 433 1261 473 ad
1293 430 1488 485 genicula
1519 429 1603 471 cel-

186 513 287 554 lulis
320 508 577 563 subsingula
607 507 716 549 serie
763 504 980 558 dispositis
1012 501 1240 553 corticatis,
1280 500 1474 541 acumine
1505 499 1605 539 sim-

186 580 286 633 plici
317 578 572 625 terminatis7
605 575 801 616 articulis
832 586 1051 613 ramorum
1085 570 1295 611 diametro
1323 567 1605 617 brevioribus,

186 646 465 689 ramellorum
487 644 615 699 paulo
638 642 918 695 longioribus.
953 639 1161 693 Spyridia
1172 638 1446 692 filamentosa
1469 635 1605 677 Hasrv.

188 717 346 771 partim
360 716 368 756 Ι

340 784 450 825 Hab.
482 783 538 824 ad
570 796 667 824 oras
699 778 952 821 Tasmaniae.

165 865 216 900 Ut
241 865 279 898 in
306 863 459 899 caeteris
487 862 684 907 speciebus
713 862 872 894 stratum
907 857 1088 892 corticale
1119 855 1381 900 geniculorum
1408 856 1446 887 et
1471 853 1608 887 articu-

74 924 242 958 culorum
270 925 328 955 est
354 919 595 965 longitudine
623 918 831 958 diversum3
871 919 909 949 at
934 914 1137 949 diversitas
1178 912 1298 957 magis
1336 910 1540 955 conspicua
1570 909 1610 943 in

74 979 271 1025 praesenti,
297 977 447 1023 longius
474 986 622 1020 quoque
648 973 835 1019 persistit,
862 973 981 1006 donec
1007 971 1045 1004 in
1072 972 1180 1014 parte
1214 969 1396 1003 inferiore
1422 978 1611 1001 ramorum

75 1037 225 1072 cellulis
253 1035 494 1071 corticalibus
520 1033 628 1068 novis
660 1030 896 1076 longioribus
934 1029 1012 1062 fere
1051 1026 1289 1061 filiformibus
1326 1026 1429 1059 inter
1465 1024 1611 1069 priores

76 1095 240 1130 evolutis
268 1091 484 1128 differentia
509 1090 748 1126 obliteratur.

76 1178 113 1217 2.
145 1175 208 1218 ΞΡ.
242 1186 619 1217 BREVIARTICULATA
649 1170 711 1223 (J.
744 1169 825 1223 Ay.
858 1169 1003 1223 mser.)
1035 1166 1186 1208 fronde
1207 1164 1397 1206 filiformi
1419 1176 1612 1217 quoquo-

189 1257 361 1285 versum
392 1255 498 1295 vage
529 1253 714 1289 ramosa,
747 1237 878 1279 ramis
910 1235 1202 1277 conformibus
1240 1233 1484 1274 inordinate
1519 1245 1612 1272 cor-

190 1312 345 1361 ticatis‚
368 1322 571 1363 suprema
600 1311 725 1361 parte
755 1305 1021 1358 ramulisque
1052 1303 1290 1344 minoribus
1311 1305 1486 1358 externe
1508 1300 1612 1340 arti-

191 1381 357 1431 culatis,
391 1378 587 1420 articulis
616 1376 830 1417 distinctis
851 1372 1116 1416 brevissimis
1137 1371 1294 1412 cortice
1316 1368 1613 1423 polysiplionio

192 1448 475 1490 articulorum
506 1450 549 1487 et
581 1444 877 1499 geniculorum
906 1442 996 1483 fere
1026 1454 1147 1495 aeque
1186 1440 1314 1492 longo
1357 1437 1613 1486 constitutis,

192 1517 384 1559 ramellis
414 1514 704 1569 piliformibus
737 1511 912 1565 sparsis„
945 1509 1001 1550 ad
1023 1508 1222 1561 genicula
1242 1506 1498 1548 cellularum
1522 1519 1616 1546 cor-

191 1585 385 1627 ticalium
416 1584 552 1625 fascia
582 1596 739 1636 parum
770 1580 1001 1633 conspicua
1030 1577 1268 1627 instructis,
1299 1575 1493 1617 acumine
1516 1574 1616 1615 sim-

193 1654 294 1708 plici
325 1651 581 1701 terminatis,
615 1650 810 1691 articulis
847 1661 1066 1689 ramorum
1098 1646 1311 1687 diametro
1333 1643 1617 1691 brevioribus,

192 1722 472 1765 ramellorum
489 1720 767 1774 longioribus.
788 1716 1274 1771 Spyridiafilamemosa
1292 1713 1430 1755 Ηανυ.
1444 1711 1616 1765 partim!

195 1791 260 1832 Ad
291 1790 454 1832 Novam
486 1788 763 1830 Hollandiam
806 1785 1060 1828 orientalem
1090 1783 1355 1837 superiorem
1386 1779 1617 1835 (Kilnerl);

346 1859 458 1900 Hab.
490 1858 545 1899 ad
576 1857 776 1910 Friendly
809 1854 980 1896 Islands
1012 1852 1201 1907 Harvey!

174 1941 324 1976 Ramuli
348 1940 515 1974 minores
542 1949 660 1981 usque
687 1937 733 1970 ad
770 1937 899 1969 basem
937 1932 1107 1967 articulis
1146 1930 1386 1966 corticalibus
1425 1928 1618 1964 distinctis

83 1999 335 2043 brevissimis,
362 1997 624 2043 geniculorum
652 1998 689 2028 et
715 1994 961 2027 articulorum
997 1992 1075 2025 fere
1114 2001 1220 2034 aeque
1256 1988 1396 2032 longis,
1423 1989 1618 2030 teguntur.
1670 1998 1673 2002 ·

23 2085 29 2090 .
84 2059 127 2093 In
151 2055 281 2092 formis
309 2052 501 2088 atlanticis
529 2051 641 2086 citius
667 2051 706 2084 in
740 2050 921 2085 corticem
950 2047 1211 2082 inordinatum
1248 2046 1400 2080 abeunt.
1450 2044 1620 2078 Externo

84 2115 217 2150 habitu
243 2125 264 2146 a
289 2110 463 2157 Spyridia
488 2109 726 2142 filamentosa
752 2118 873 2150 neque
898 2106 980 2139 haec
1007 2115 1128 2147 neque
1156 2102 1386 2136 antecedens
1421 2100 1619 2141 differunt3

85 2183 208 2216 neque
235 2169 381 2216 species
407 2167 609 2202 distinctas
636 2166 776 2200 habere
802 2174 1013 2209 propensus
1040 2161 1197 2195 fuissem
1224 2160 1255 2193 si
1273 2160 1402 2193 formae
1423 2157 1619 2202 Spyridiae

85 2230 334 2265 filamentosae
362 2236 506 2267 omneS‚
531 2226 574 2258 ut
592 2222 730 2267 saepius
757 2221 1063 2262 considerantur,
1082 2218 1125 2252 ad
1148 2228 1259 2251 unani
1279 2216 1511 2259 eandemque
1538 2225 1621 2259 spe-

87 2288 182 2322 ciem
207 2295 342 2319 revera
367 2282 599 2327 pertineant.
649 2279 781 2313 Plures
821 2289 910 2312 vero
949 2276 1094 2320 specics
1132 2276 1201 2308 sub
1225 2274 1297 2308 hoc
1323 2273 1473 2308 nomine
1500 2272 1621 2306 latere

86 2347 193 2390 puto,
219 2344 258 2376 at
283 2341 523 2376 characteres
550 2337 672 2371 adhuc
697 2336 842 2369 frustra
867 2333 1039 2377 quaesivi.

90 2440 126 2480 3.
159 2437 221 2479 Sp.
253 2446 536 2477 FILAMENTOSA
567 2430 736 2485 (Wzdf.
770 2428 912 2481 Crypt.
935 2441 982 2479 p.
1016 2427 1090 2481 (54)
1121 2424 1272 2466 fronde
1303 2422 1493 2464 filiformi
1516 2436 1620 2475 quo-

205 2516 461 2559 quoversum
492 2514 597 2553 vage
637 2512 820 2549 ramosa,
861 2496 992 2537 ramis
1030 2493 1320 2535 conformibus
1356 2490 1621 2543 ramulisque

203 2574 292 2615 fere
323 2585 459 2625 usque
489 2569 544 2610 ad
576 2569 739 2621 apicem
770 2565 1012 2607 inordinate
1044 2562 1274 2611 cortic-atis7
1306 2559 1496 2601 ramellis
1525 2558 1620 2611 pili-

202 2641 412 2683 formibus
444 2637 604 2693 sparsis
635 2635 689 2676 ad
722 2633 918 2688 genicula
962 2630 1216 2672 cellularum
1259 2627 1527 2669 corticalium
1556 2626 1621 2667 fa-

206 2711 294 2752 scia
325 2722 479 2762 parum
510 2704 739 2758 conspicua
769 2701 1002 2750 instructis,
1035 2698 1230 2740 acumine
1262 2695 1443 2749 simplici
1475 2695 1620 2735 termi-

206 2779 329 2825 natis,
363 2775 556 2818 articulis
587 2786 806 2815 ramorum
844 2770 1103 2811 diametrum
1140 2764 1490 2819 subaequantibus
1528 2763 1620 2804 lon-

206 2847 498 2902 gioribusque,
530 2842 805 2885 ramellorum
840 2838 1001 2893 pluries
1033 2835 1313 2890 longioribus.
1352 2831 1397 2875 J.
1431 2831 1513 2885 Ay.
1549 2831 1621 2884 SP.
