1757 3114
893 60 922 98 δ,

138 127 395 169 Laurencia.
785 127 1049 170 CHONDRIEAE.
1586 129 1667 169 659

134 238 173 272 in
198 239 337 285 pagina
375 238 575 284 pinnarum
612 240 728 274 dense
767 240 964 286 dispositis
1003 241 1049 274 ab
1074 242 1233 283 utraque
1259 238 1398 273 differt.
1448 239 1666 274 Keramidia

129 295 281 339 juniora
304 296 344 330 in
382 297 488 341 Spec.
527 297 613 342 Alg.
652 298 860 342 descripsi;
898 297 979 332 haec
1015 297 1313 342 hemispherica3
1352 296 1540 331 adultiora
1578 301 1667 332 sunt

132 355 254 387 ovata.
305 353 493 387 Caeterum
530 355 753 389 observasse
790 355 896 389 lubet
921 354 964 388 L.
991 354 1240 398 glomeratam
1271 354 1380 388 Kritz.
1418 365 1492 388 sec.
1518 354 1665 389 iconem

132 409 179 442 ad
216 409 326 443 aliam
364 410 528 454 speciem
566 423 650 445 esse
687 411 942 453 referendam3
981 411 1020 444 in
1058 411 1228 455 Specieb.
1266 412 1353 457 Alg.
1397 411 1484 445 huic
1524 412 1664 455 speciei

131 466 265 510 pinnas
292 466 457 501 alternas
484 470 522 502 et
548 468 784 513 cystocarpia
809 468 926 502 dense
963 468 1174 512 glomerata
1205 467 1494 513 papillaeformia
1519 468 1664 502 tribue-

129 526 203 567 rat,
241 524 340 567 quod
377 528 577 569 utrumque
603 525 642 559 in
669 525 711 559 L.
737 525 943 560 flexuosum
983 526 1158 570 quadrat:
1184 525 1223 559 in
1248 525 1354 560 icone
1372 537 1494 560 ramos
1524 527 1659 569 subop-

129 581 273 624 positos
301 584 430 616 ternos
463 585 501 616 et
526 583 689 617 ramulos
718 582 1075 627 sphaerosporiferos
1117 584 1203 627 (nec
1241 583 1493 627 cystocarpia)
1519 582 1662 628 glome-

128 640 230 672 ratos
268 638 404 683 pinxit.
455 639 643 674 Caeterum
680 640 719 673 in
757 640 863 684 Spec.
902 641 988 685 Alg.
1016 640 1059 674 L.
1086 640 1291 674 flexuosam
1319 640 1488 674 sterilem
1514 642 1662 674 tantum

128 698 337 739 nuncupat;
375 697 417 730 L.
444 697 665 741 glomera1ae
701 700 825 731 autem
862 697 1019 731 formam
1056 697 1344 741 corymbiferam
1380 697 1530 741 tribuit,
1557 697 1661 741 cujus

128 750 276 786 iconem
301 754 341 787 in
367 753 480 798 Phyc.
507 754 574 788 surb
601 754 671 789 tab.
699 755 742 788 68
769 754 935 798 (nomine
960 754 1002 788 L.
1030 754 1224 800 flexuosae>
1251 755 1377 789 datam
1398 754 1580 800 suspicor.

128 832 193 872 33.
224 831 271 873 L.
308 847 436 874 ELATA
481 834 639 888 (Harv.
688 835 785 888 Azy.
835 835 981 877 Tasm.
1012 850 1082 877 mo
1127 837 1200 891 29)
1245 849 1657 889 purpureo-carnea,

241 901 392 943 fronde
414 916 465 944 ex
487 903 969 957 ancipite-complanata
990 904 1329 958 subregulariter
1350 905 1540 958 pinnata,
1564 905 1660 958 pin-

238 969 302 1010 nis
335 983 360 1010 a
390 971 583 1024 margine
622 973 875 1014 exeuntibus
921 973 1125 1021 distichis,
1158 972 1354 1026 plurimis
1401 973 1660 1026 regulariter

236 1036 428 1088 alternis,
460 1039 648 1091 pinnulis
680 1041 898 1082 sterilibus
929 1042 1178 1094 patentibus
1211 1042 1657 1103 clavato-linearibus,

235 1106 279 1146 in
310 1107 429 1160 apice
461 1107 649 1149 rachidis
682 1108 1005 1159 subflabellatis‚
1046 1111 1264 1164 sporiferis
1303 1109 1472 1153 demum
1504 1111 1656 1153 subco-

238 1176 450 1228 rymbosis
481 1176 596 1218 infra
641 1179 804 1231 apicem
850 1179 1170 1232 spliaerosporas
1201 1180 1243 1220 in
1276 1194 1426 1221 zonam
1457 1179 1657 1221 collectas

234 1244 495 1295 gerentibus,
545 1245 793 1288 keramidiis
840 1248 999 1300 sparsis
1045 1248 1088 1288 in
1120 1248 1298 1301 pinnula
1335 1248 1449 1289 infra
1493 1249 1657 1301 apicem

235 1312 457 1354 sessilibus
488 1314 635 1355 ovatis.
667 1314 712 1357 J.
746 1315 826 1368 Ay.
862 1316 933 1369 Sp.
956 1329 1004 1369 p.
1037 1317 1128 1357 766.
1169 1317 1219 1358 L.
1251 1317 1363 1359 elata
1396 1316 1534 1358 Harv.
1567 1317 1592 1357 l.
1624 1331 1654 1358 c.

237 1380 338 1421 Ner.
371 1384 504 1423 (metr.
537 1383 619 1424 tab.
652 1383 716 1424 33.
752 1383 882 1437 Phyc.
915 1388 1048 1426 (lustr.
1085 1384 1182 1438 Syn.
1204 1399 1273 1427 nso
1296 1385 1375 1426 313
1398 1385 1522 1439 (excl.
1544 1387 1655 1441 var.)

237 1450 366 1492 Rata.
401 1451 483 1493 tab.
518 1451 647 1505 Phye.
692 1453 778 1495 Vol.
815 1453 914 1495 XV
938 1454 1018 1495 tab.
1052 1456 1117 1494 (37.

234 1518 343 1560 Hab.
376 1519 431 1560 ad
463 1520 626 1561 Novam
672 1521 946 1563 Hollandiam
993 1523 1298 1564 occidentalem
1331 1527 1373 1564 et
1403 1523 1650 1574 australem,

385 1602 461 1629 nec
494 1604 577 1630 non
609 1589 663 1630 ad
695 1589 980 1632 Tasmaniam.

210 1667 300 1702 Cum
337 1668 381 1702 L.
419 1669 636 1703 luxuriante
670 1669 863 1714 hucusque
909 1670 1074 1715 confusa,
1112 1670 1240 1705 differt
1278 1673 1482 1715 structura,
1521 1670 1648 1716 pinnis

119 1724 296 1759 ecostatis
325 1728 363 1759 et
388 1737 518 1759 norma
544 1726 877 1771 decompositionis
904 1727 1097 1773 paulisper
1123 1728 1284 1762 diversa.
1320 1728 1441 1762 Radix
1468 1732 1648 1763 caeterum

117 1780 157 1814 in
184 1784 342 1826 utraque
371 1783 496 1827 specie
522 1783 661 1818 fibrosa
685 1784 809 1818 forsan
838 1784 1090 1819 differentiam
1116 1785 1155 1818 in
1182 1797 1223 1819 eo
1248 1786 1394 1829 praebet
1419 1785 1518 1828 quod
1542 1784 1647 1820 fibrae

119 1839 312 1873 breviores
351 1845 390 1874 et
427 1841 582 1874 densius
621 1842 878 1876 coalescentes
916 1842 953 1876 in
981 1843 1023 1877 L.
1052 1844 1166 1879 elata:
1204 1843 1355 1877 easdem
1381 1854 1470 1877 vero
1496 1842 1646 1887 longius

115 1899 366 1940 prorepentes
393 1897 433 1930 in
452 1897 493 1931 L.
523 1898 740 1932 luxuriante
767 1898 863 1939 vidi3
890 1900 989 1943 quod
1015 1911 1105 1934 vero
1130 1911 1176 1933 an
1202 1902 1379 1934 constans
1407 1899 1470 1943 sit,
1497 1910 1542 1932 ex
1559 1910 1647 1944 pau-

116 1952 169 1985 cis
197 1952 467 1997 speciminibus
495 1954 621 1988 radice
647 1955 861 1999 instructis,
889 1967 971 2000 quae
998 1956 1088 2001 vidi,
1114 1967 1283 1990 asserere
1309 1967 1383 1990 non
1409 1955 1578 1990 audeam.

116 2033 181 2073 34.
212 2032 259 2073 L.
297 2047 526 2075 LUXURIANS
572 2035 639 2089 (J.
685 2035 765 2089 Ay.
812 2041 951 2089 mser.)
997 2036 1445 2090 purpureo-coccinea,
1492 2036 1643 2078 fronde

227 2101 501 2155 complanata
531 2103 697 2145 inferne
729 2105 884 2146 sensim
915 2106 1098 2158 ancipite
1131 2105 1390 2155 subcostata.
1423 2109 1542 2146 costa
1568 2119 1644 2158 per

227 2174 394 2223 partem
424 2171 670 2213 inferiorem
699 2173 928 2227 pinnarum
959 2173 1194 2226 conspicua,
1218 2173 1558 2227 subregulariter
1580 2174 1643 2214 di-

228 2239 362 2280 stiche
391 2244 434 2281 et
463 2240 627 2283 alterne
659 2241 1236 2296 decomposito-pinnatifida,
1268 2241 1439 2283 demum
1470 2255 1495 2282 a
1526 2246 1644 2283 costa

226 2307 445 2360 prolifera,
478 2309 668 2362 pinnulis
699 2310 917 2352 sterilibus
949 2311 1265 2352 sublinearibus
1297 2324 1408 2364 saepe
1439 2311 1643 2364 utrinque

226 2377 460 2418 attenuatis
491 2378 535 2418 in
564 2378 739 2420 rachide
769 2379 979 2432 pinuatim
1010 2379 1228 2432 dispositis
1260 2393 1391 2432 supra
1411 2380 1550 2420 sinum
1572 2394 1639 2421 ro-

225 2444 455 2485 tundatum
500 2445 869 2497 adscendentibus,
914 2447 1140 2489 fertilibus.
1174 2482 1181 2488 .
1214 2481 1221 2488 .
1256 2480 1263 2487 .
1297 2448 1347 2489 L.
1393 2449 1505 2490 elata
1549 2464 1639 2491 var.

226 2513 452 2555 luxurians
497 2514 636 2558 Harv.
670 2516 815 2570 'Phya
861 2520 993 2558 (lustr.
1029 2517 1126 2570 Syn.
1158 2531 1228 2559 nto
1261 2518 1339 2558 313
1371 2533 1411 2559 (ι.
1444 2519 1495 2560 L.
1526 2519 1639 2561 elata

226 2580 362 2622 Harv.
395 2581 492 2635 Azy.
526 2587 659 2625 austr.
691 2598 775 2626 eccs.
805 2597 876 2626 wo
908 2585 987 2625 226
1019 2585 1183 2640 (quoad
1215 2599 1274 2638 sp.
1306 2585 1417 2638 plur.
1451 2600 1502 2628 ex
1534 2586 1635 2629 Nov.

225 2649 337 2691 Holl.
369 2651 530 2706 occid).

279 2717 385 2758 Hab.
417 2719 472 2759 ad
504 2718 665 2761 Novam
696 2720 969 2762 Hollandiam
1000 2722 1317 2764 occidentalem.

200 2796 300 2831 Duas
327 2796 487 2841 species,
513 2809 571 2832 me
593 2799 719 2843 judice
746 2803 847 2834 certe
875 2800 1058 2845 diversas,
1084 2802 1235 2835 nomine
1261 2802 1303 2836 L.
1331 2802 1440 2836 elatae
1461 2803 1632 2838 confusas

110 2853 225 2889 fuisse
251 2857 369 2899 patet.
418 2855 460 2888 In
487 2854 643 2900 Synopsi
668 2856 782 2902 Phyc.
822 2861 937 2892 austr.
965 2858 1031 2893 has
1069 2860 1219 2902 quidem
1257 2863 1298 2893 ut
1337 2859 1541 2894 varietates
1579 2862 1632 2895 di-

1455 2917 1519 2950 42*
