1757 3114
105 127 186 167 570
733 128 1008 172 HYPNEACEAE.
1387 134 1633 188 Mychodea.

218 242 284 282 An
315 241 461 283 Genus
493 240 763 295 Cystoclonio
793 242 971 284 nimium
992 242 1116 285 affine
1136 244 1257 297 foret,
1281 246 1436 290 iterum
1458 247 1635 289 iterum-

106 323 188 363 que
221 309 435 361 dubitavi;
458 323 534 351 nec
556 310 646 352 sine
667 311 936 353 haesitatione
957 311 1281 356 characteribus
1302 314 1446 357 allatis
1468 320 1633 358 utrum-

107 392 189 431 que
222 377 395 419 differre
427 377 553 419 hodie
584 380 778 421 assumsi.

218 447 267 488 In
296 446 447 497 forma,
481 460 576 500 quae
607 447 744 502 Mych.
776 448 1114 491 membranaceae
1145 451 1341 504 proxima
1366 452 1546 505 videtur,
1570 453 1634 507 pi-

105 514 246 556 lorum
278 515 537 569 adparatum
568 516 800 558 admodum
820 517 1030 571 insignem
1051 518 1146 559 vidi.
1187 518 1280 560 Fila
1301 519 1501 562 nimirum
1523 521 1635 563 inter

107 582 283 624 cellulas
316 584 588 625 excurrentia
619 585 849 626 cuticulam
885 585 1196 639 periphericam
1238 601 1372 642 usque
1403 589 1633 643 attingunt,

106 652 250 705 ibique
282 652 405 706 quasi
438 652 632 695 nucleolo
664 654 895 707 deplanato
926 655 1236 706 terminantur3
1269 670 1320 697 ex
1341 656 1419 698 hoc
1441 657 1634 699 nucleolo

106 722 165 763 fili
197 722 490 776 microscopici
523 724 679 777 singuli
710 724 978 777 proveniunt.
1038 725 1106 765 Ita
1136 725 1407 778 per—evidens
1445 730 1509 767 est
1540 741 1635 767 cum

107 790 365 844 Dasyphlaea
396 791 642 845 Montagnei
674 792 887 846 analogia.
947 792 996 833 In
1028 793 1175 834 eodem
1221 794 1448 847 specimine
1493 809 1635 836 ramos

106 858 289 912 majores
321 858 389 899 hic
419 858 506 900 illic
537 863 758 902 truncatos
804 861 901 910 vidi,
948 874 1176 915 ramosque
1208 875 1257 903 ex
1289 865 1485 904 truncato
1517 864 1634 917 apice

107 941 236 969 novos
283 928 593 981 provenientes,
626 935 674 971 ut
720 930 770 971 de
818 943 896 971 sua
926 929 1076 983 planta
1111 930 1363 972 memoravit
1393 931 1635 985 Montagne.

108 995 439 1050 Sphaerosporas
472 999 658 1039 zonatim
689 998 845 1039 divisas
876 998 919 1039 in
952 1002 1087 1040 strato
1126 999 1399 1041 subcorticali
1437 999 1525 1041 fere
1564 1015 1636 1042 ne-

107 1064 368 1107 mathecioso
406 1079 625 1107 ramorum
659 1067 879 1121 juniorum
918 1082 1088 1122 quoque
1118 1068 1215 1109 vidi.
1275 1069 1336 1110 De
1368 1069 1530 1110 cellulis
1562 1070 1637 1111 ad-

106 1134 281 1176 modum
326 1134 506 1188 magnis,
539 1149 634 1188 quae
679 1136 722 1176 in
754 1135 991 1189 Mychodea
1035 1136 1277 1187 obveniunt,
1324 1151 1405 1179 non
1447 1137 1638 1191 loquitur

106 1203 359 1255 Montagne3
401 1206 446 1244 at
475 1203 540 1244 hae
573 1203 737 1245 cellulae
769 1218 881 1258 saepe
926 1218 1079 1258 parum
1125 1205 1362 1258 conspicuae
1393 1206 1436 1246 in
1461 1206 1639 1260 juvenili

106 1274 244 1324 parte,
276 1275 319 1312 et
349 1270 518 1313 facilius
565 1272 867 1322 dissolvuntur,
901 1273 935 1314 si
967 1273 1127 1315 diutius
1172 1287 1272 1327 pars
1317 1274 1499 1315 dissecta
1537 1275 1637 1316 sub-

106 1339 384 1393 microscopio
417 1343 622 1381 servatur.
664 1340 713 1381 In
745 1340 953 1394 ejusmodi
975 1346 1218 1394 praeparato
1240 1341 1313 1383 fila
1333 1346 1639 1384 conservantur

112 1407 273 1450 diutius
305 1413 347 1450 et
377 1409 696 1462 conspiciantur
717 1408 897 1451 facilius.
940 1410 1016 1451 His
1048 1410 1211 1451 accedit
1243 1410 1532 1465 Kiitzingium‚
1566 1412 1639 1465 qui

108 1476 320 1530 specimen
351 1477 537 1532 Das'yph.
569 1478 748 1531 insignis
779 1492 805 1519 a
836 1477 1092 1532 Montagneo
1124 1479 1272 1521 datum
1295 1481 1517 1533 acceperit,
1540 1481 1640 1522 huic

107 1549 372 1587 structuram
411 1544 671 1600 Cystoclonii
715 1547 938 1595 tribuisse3
985 1546 1304 1601 Cystoclonium
1329 1563 1478 1590 revera
1509 1549 1641 1592 habet

108 1617 370 1656 structuram
418 1615 662 1669 Mychodeae
708 1616 991 1667 simillimam3
1038 1617 1294 1671 Dasyphlaea
1324 1632 1422 1659 vero
1454 1618 1639 1673 Harveyi

107 1685 327 1724 structura
358 1683 529 1735 gaudet,
562 1697 690 1737 quam
730 1698 825 1725 cum
864 1684 1133 1739 Cystoclonio
1171 1699 1420 1739 comparare
1451 1686 1518 1727 vix
1552 1687 1639 1727 cui-

107 1750 207 1792 dam
236 1751 461 1805 placuerit.
522 1751 624 1802 Quae
656 1754 799 1794 omnia
829 1753 970 1795 dicere
1009 1753 1150 1803 debui,
1191 1758 1238 1795 ut
1268 1754 1530 1808 inspectione
1561 1755 1639 1796 ite-

108 1822 205 1860 rata
236 1819 446 1873 adpareat
477 1824 621 1861 utrum
644 1821 905 1875 Dasyphlaea
926 1822 1103 1876 insignis
1125 1822 1180 1864 sit
1201 1823 1360 1876 species
1382 1822 1639 1877 Mychodeae,

108 1890 183 1928 aut
227 1902 309 1929 non
358 1889 629 1931 obstantibus
674 1889 740 1930 his
786 1890 982 1932 omnibus
1028 1905 1123 1932 cum
1168 1890 1420 1945 Harveyano
1472 1892 1638 1933 Genere

110 1955 363 2010 Dasyphleae
395 1961 539 1998 tamen
571 1958 832 1999 conveniret.

109 2071 139 2112 Ι.
171 2071 407 2113 MYCHODEA
439 2072 600 2126 (Ham).
629 2074 808 2126 partim)
831 2073 991 2126 fronde
1022 2075 1150 2125 tereti,
1182 2074 1344 2115 cellulis
1365 2075 1493 2116 strati
1515 2074 1644 2116 medii

211 2142 478 2193 permaynis,
525 2155 682 2194 aquam
727 2142 849 2183 avide
894 2142 1125 2184 bibentibus
1169 2147 1206 2184 et
1242 2142 1380 2196 facile
1424 2144 1643 2196 cwpaozsz‘s,

222 2210 350 2250 strati
380 2209 592 2251 cortiealis
612 2210 708 2264 filis
740 2210 1000 2252 abbreviatis
1029 2210 1127 2264 fere
1164 2211 1338 2253 cellulas
1360 2225 1443 2264 per
1472 2212 1643 2253 unicam

222 2278 373 2319 seriem
403 2277 641 2319 verticalem
669 2278 904 2330 dispositas
917 2277 1226 2331 fornicantibus,
1250 2280 1528 2332 (ystocarpz‘is
1548 2280 1642 2320 emi-

224 2346 457 2388 Zateralesster
493 2346 756 2398 promimdz's
795 2348 870 2387 aut
901 2346 1203 2397 subimmersis,
1239 2347 1481 2399 perz'carffli
1516 2350 1645 2399 parte

214 2414 320 2467 plus
351 2415 493 2456 minus
531 2428 724 2466 expansa
769 2413 954 2467 (demum
998 2414 1199 2466 (111011αέ)
1233 2414 1329 2468 filis
1375 2414 1644 2456 verticalibus

232 2484 469 2525 constituta.

116 2589 149 2628 1.
181 2586 235 2627 M.
268 2599 512 2627 'FERMINALIS
544 2585 700 2637 (Harsa.
733 2585 830 2638 Alfs.
863 2589 997 2627 (lustr.
1030 2600 1114 2627 cxs.
1146 2601 1185 2627 η.
1218 2585 1319 2640 413)
1348 2585 1498 2626 fronde
1519 2586 1645 2627 tereti

227 2654 468 2709 gelatinosa
506 2653 1074 2701 dichotomo-ramosissima,
1123 2654 1254 2695 ramis
1300 2667 1645 2707 quoquoversum

225 2723 556 2775 egredientibus,
588 2723 852 2777 ramulisque
894 2722 1152 2764 subclavatis
1198 2721 1502 2763 obtusiusculis
1549 2724 1644 2762 sub-

226 2792 437 2846 pinnatim
470 2792 622 2843 obsita,
655 2792 931 2846 cystocarpiis
962 2791 1077 2832 infra
1109 2791 1272 2844 apicem
1303 2804 1522 2831 ramorum
1546 2790 1644 2831 sub-

227 2861 523 2915 spathulatum
553 2860 695 2902 frondi
716 2861 939 2902 immersis.
972 2859 1208 2913 Mycbodea
1238 2858 1475 2900 terminalis
1508 2858 1645 2901 Harv.
