1757 3114
116 90 467 145 Hgymenocladia.
716 90 838 132 RHOD
844 104 1101 133 YMENIACEAE.
1565 94 1645 136 313

113 205 151 245 2.
182 204 234 245 H.
266 204 613 247 GRACILAnloans
660 205 727 260 (J.
759 204 840 259 Ay.
886 206 1030 261 mser.)
1075 205 1228 248 fronde
1272 209 1315 248 et
1359 207 1485 248 tereti
1530 222 1643 249 com-

225 286 376 326 pressa
405 273 473 313 hic
505 272 591 314 illic
622 273 868 316 dichotoma
898 276 941 314 et
971 287 998 314 a
1027 275 1224 328 margine
1256 275 1437 328 pinnata
1476 275 1644 317 decom-

224 341 376 394 posita,
409 341 659 383 rachidibus
691 341 910 395 primariis
941 341 1168 384 latioribus
1200 343 1460 396 ancipitibus
1506 344 1643 384 utrin-

226 424 308 464 que
339 410 576 463 pinnulatis
608 415 684 452 aut
720 425 852 465 supra
888 410 1043 453 axillas
1089 411 1361 454 dichotomiae
1407 413 1645 454 introrsum

225 478 503 531 nudiusculis‚
550 483 793 522 extrorsum
838 480 968 534 longa
1014 481 1123 522 serie
1159 480 1439 534 pinnularum
1466 481 1643 536 jubatis,

224 547 413 601 pinnulis
446 547 657 602 elongatis
689 553 735 590 et
763 550 891 591 tereti
923 550 1177 602 compressis
1200 550 1548 604 simpliciusculis
1569 554 1646 592 aut

223 615 378 668 saepius
409 617 588 659 ramulis
620 617 910 660 conformibus
942 617 1187 659 secundatis
1225 619 1530 661 obtusiusculis
1569 619 1644 661 ob-

222 685 327 735 sitis,
382 687 663 740 cystocarpiis
717 687 1043 741 marginalibus.
1096 686 1350 729 Gar-aezsslaw'a
1407 688 1646 731 Ramah'na

223 752 360 795 Har-v.
398 753 527 808 Phyc,
561 758 693 796 Μηδέν.
725 756 805 797 tab.
840 756 921 797 260
944 781 994 785 ——
1018 768 1094 797 nec
1126 755 1224 808 Azy.
1257 755 1405 798 Austr.
1438 770 1536 808 exa,
1568 770 1645 798 nec

231 822 390 864 Trans.
424 823 547 865 Ir'e'sh
578 815 714 866 Aeaci.

223 890 290 932 Ad
320 890 425 933 Nov.
454 890 732 933 Hollandiam
754 892 1074 935 occidentalem.
1096 893 1199 946 (Hb.
1223 893 1254 935 F
1260 893 1347 936 erd.
1370 909 1406 936 v.
1430 893 1646 949 Mueller).

202 979 353 1029 Species
379 984 509 1028 plures
536 984 842 1029 Hymenocladiae
870 996 890 1019 a
913 984 1064 1030 Harvey
1090 997 1164 1020 non
1183 986 1280 1020 bene
1299 985 1502 1020 distinctas
1529 985 1646 1020 fuisse

109 1042 192 1087 ipse
219 1042 414 1077 confessus
442 1046 500 1078 est
526 1043 609 1088 (cfr.
638 1043 751 1088 Plzyc.
778 1047 897 1078 czzcstr.
923 1044 990 1078 sub
1018 1044 1088 1078 tab.
1115 1044 1161 1077 80
1179 1047 1217 1078 et
1240 1045 1333 1089 260).
1361 1043 1547 1078 Primaria
1566 1044 1645 1088 ejus

109 1099 246 1134 Gracil.
273 1099 483 1144 Ramaiina‚
510 1100 583 1135 fide
611 1101 791 1146 descript.
820 1112 902 1135 cum
930 1112 1030 1146 spec.
1058 1103 1302 1146 comparatae,
1322 1100 1475 1135 nomine
1501 1101 1546 1134 H.
1574 1101 1646 1135 Ra-

107 1157 257 1191 malinae
284 1157 355 1191 hoc
380 1159 462 1193 loco
487 1161 746 1193 conservatur.
799 1158 887 1202 Quae
915 1158 1066 1193 nomine
1092 1158 1138 1192 H.
1166 1157 1461 1193 Gracilarioides
1488 1157 1601 1192 hodie
1627 1169 1647 1192 a

107 1226 166 1249 me
193 1215 436 1260 describitur,
463 1219 540 1250 tum
567 1216 606 1250 in
632 1217 766 1250 Trans.
793 1215 904 1250 Irish.
931 1216 1048 1250 Acad.
1087 1219 1167 1250 tum
1204 1216 1307 1250 inter
1334 1215 1536 1260 exsiccata,
1562 1227 1645 1259 quae

108 1284 128 1307 e
153 1273 259 1308 Nova
283 1273 488 1308 Hollandia
514 1273 724 1317 distribuit,
751 1284 835 1307 cum
855 1273 1126 1318 speciminibus
1153 1273 1372 1307 Gracilariae
1408 1271 1645 1316 dactyloides

106 1330 223 1365 Harv.
250 1330 405 1365 confusa
429 1331 599 1366 obvenit.
648 1331 787 1366 Postea
811 1331 919 1376 Hym.
947 1330 1260 1365 Gracilarioidem
1286 1333 1328 1364 ut
1352 1330 1510 1365 formam
1534 1329 1644 1373 Hym.

107 1387 315 1422 Ramalinae
341 1399 409 1433 pro
434 1399 538 1423 more
565 1388 701 1422 eximie
727 1388 865 1433 pinxit.
900 1387 991 1422 Haec
1016 1398 1106 1422 vero
1132 1398 1254 1431 neque
1282 1398 1367 1421 cum
1384 1385 1564 1431 primaria
1582 1385 1645 1420 Gr.

109 1444 308 1480 Ramalina
332 1444 501 1480 identioa
527 1448 599 1487 est,
626 1456 694 1479 nec
721 1444 867 1490 species
896 1443 1128 1479 Gracilariae.

108 1575 151 1596 *Φ
186 1574 356 1618 Fronde
386 1575 780 1628 compresso-plana
801 1576 1025 1628 pinnatam
1047 1575 1343 1627 deeowzposita,
1367 1573 1647 1628 ogystocarpiis

223 1645 267 1685 in
287 1644 458 1697 paffl'na
482 1643 622 1696 plana
653 1643 1056 1698 mamilloeformiz‘er
1086 1643 1272 1685 elevatis.

107 1747 143 1787 3.
177 1746 228 1788 H.
259 1747 483 1788 RAMAMNA
528 1747 690 1801 (Hom).
735 1748 782 1789 in
831 1747 904 1789 Tr.
953 1747 1085 1790 Irish.
1125 1747 1262 1789 Acad.
1309 1746 1353 1788 V.
1387 1747 1439 1787 22
1462 1760 1510 1799 p.
1543 1747 1646 1802 553)

217 1813 371 1856 fronde
404 1815 803 1869 compresso-plana
834 1816 903 1856 hic
934 1815 1022 1856 illic
1054 1815 1314 1864 dichotoma,
1337 1815 1549 1869 pinnatim
1571 1815 1645 1856 de-

219 1884 466 1938 composita,
500 1885 747 1926 rachidibus
778 1885 998 1938 primariis
1030 1884 1267 1927 linearibus
1289 1885 1493 1938 utrinque
1516 1884 1645 1925 dense

217 1953 420 2006 pinnatis,
466 1953 609 2007 pinnis
656 1953 867 2006 elongatis
913 1967 1097 2007 superne
1143 1967 1256 2007 saepe
1303 1952 1644 2003 subsecundatis,

218 2021 338 2074 apice
369 2021 627 2076 prolongato
655 2022 925 2074 nudiusculo,
949 2022 1229 2077 cystocarpiis
1263 2055 1270 2063 .
1305 2053 1311 2061 .
1347 2054 1355 2061 .
1390 2020 1645 2064 Gracllarz'a

223 2089 464 2132 Ramalz'na
497 2089 635 2132 Harey.
668 2091 692 2131 Z.
725 2104 755 2132 c.

369 2156 489 2199 Nova
520 2157 753 2200 Hollandia
784 2158 1250 2200 austro-occidentalis.

198 2237 409 2282 Specimen,
437 2239 535 2282 quod
562 2250 608 2273 ex
634 2239 736 2285 King
763 2239 931 2284 Georges
970 2240 1110 2284 Sound,
1138 2241 1206 2275 sub
1244 2252 1306 2275 n:o
1342 2240 1422 2282 363,
1449 2250 1470 2272 a
1493 2239 1644 2283 Harvoy

104 2294 366 2338 distributum,
393 2296 618 2340 examinavi,
646 2300 705 2331 est
728 2297 838 2341 Hym.
887 2296 1024 2332 Usneae
1050 2297 1105 2331 ita
1129 2297 1356 2342 proximum,
1389 2299 1432 2330 ut
1469 2294 1643 2330 dubitare

104 2351 219 2386 liceat
243 2363 291 2386 an
316 2363 404 2386 vere
431 2352 584 2387 diversa
610 2353 660 2387 sit
686 2354 844 2398 species.
881 2354 1004 2388 Frons
1032 2358 1091 2388 est
1116 2353 1328 2398 angustior,
1345 2352 1466 2397 magis
1492 2351 1639 2396 irregu-

104 2409 238 2444 lariter
262 2409 432 2454 pinnata,
459 2409 702 2455 pinnulisque
728 2412 849 2457 magis
876 2412 1100 2447 acuminatis
1127 2412 1330 2445 instructa.
1380 2411 1487 2444 Hanc
1513 2420 1642 2443 veram

103 2465 150 2500 H.
177 2465 413 2500 Ramalinam
449 2468 597 2500 tantum
636 2468 807 2502 sterilem
844 2468 934 2502 vidi.
985 2469 1039 2502 De
1078 2468 1151 2502 alia
1188 2467 1251 2501 Gr.
1290 2465 1489 2501 Ramalina
1524 2465 1640 2500 Harv.

105 2523 202 2557 cfras
230 2534 312 2567 quae
340 2523 386 2557 de
411 2523 456 2558 H.
484 2523 757 2560 Gracilarioide
783 2526 877 2560 dixi.

105 2617 142 2657 4.
174 2616 224 2657 H.
256 2630 390 2657 USNEA
421 2616 498 2670 (R.
530 2617 613 2659 ΒΥ.
646 2621 793 2676 mser.)
824 2619 976 2661 fronde
1015 2616 1415 2671 compresso-plana
1452 2615 1521 2656 hic
1552 2614 1641 2657 illic

218 2684 464 2726 dichotoma
496 2689 537 2726 et
567 2687 780 2739 pinnatim
811 2687 1114 2740 decomposita,
1147 2684 1397 2726 rachidibus
1418 2683 1639 2737 primariis

217 2752 730 2807 lanceolato—linearibUS,
763 2756 965 2809 utrinque
999 2753 1251 2794 densissime
1272 2751 1521 2805 pinnulatis,
1544 2753 1640 2805 pin-

219 2822 331 2864 nulis
362 2822 876 2875 lanceolam-linearibus,
917 2820 1236 2872 obtusiusculis‚
1284 2820 1564 2875 cystocarpiis
1597 2820 1640 2862 in
