1762 3036
155 135 235 175 130
713 132 1107 175 CRYPTONEMIAOEAE.
1394 133 1686 175 Nemastoma.

153 247 494 292 comprehendens,
522 247 742 281 evitandum
779 257 876 290 esse,
915 257 1021 290 aeque
1046 245 1140 279 mihi
1166 246 1319 280 clarum.
1346 245 1444 280 Hinc
1470 257 1616 290 quoque
1642 246 1687 281 N.

153 305 365 340 cervicorni
390 315 527 340 nomen
554 315 576 338 a
598 315 658 338 me
685 304 815 339 datum
842 303 982 349 speciei
1009 306 1121 338 antea
1151 303 1331 347 confusae,
1358 315 1378 337 a
1401 315 1460 338 me
1480 303 1690 346 distinctae,

152 373 236 397 meo
268 362 352 407 jure
391 361 564 396 assumsi.
615 362 704 406 Quae
742 362 868 396 omnia
904 363 1038 396 contra
1074 360 1357 406 Zrmardinium,
1396 361 1500 395 nullo
1538 361 1690 396 omnino

147 419 234 463 jure
261 430 320 453 me
345 419 642 465 vituperantem,
669 419 812 454 dixisse
838 419 977 464 placet.

159 501 222 542 10.
256 500 308 541 N.
340 513 558 541 DISCIGENA
590 499 657 554 (J.
689 500 771 554 Ay.
807 499 877 552 Sp.
900 513 948 552 p.
989 500 1090 554 167)
1120 498 1271 541 fronde
1303 512 1484 541 carnosa
1515 499 1691 540 subcar-

267 569 476 622 tilaginea
505 569 638 622 plana
668 568 929 619 dichotoma‚
962 580 988 608 a
1019 567 1215 620 margine
1247 570 1289 609 et
1310 567 1426 609 disco
1449 567 1578 608 dense
1599 566 1692 607 fim-

267 637 424 689 briata,
456 637 639 679 fimbriis
671 640 853 691 anguste
883 635 1120 678 linearibus
1143 635 1411 687 dichotomis,
1434 648 1566 688 supra
1587 634 1693 676 axil-

268 706 333 747 las
366 705 625 747 rotundatas
656 705 856 754 incurvis,
888 707 1133 746 extrorsum
1165 704 1317 746 obtuse
1349 703 1548 745 dentatis.

423 775 473 816 In
503 774 711 816 atlantico
742 774 947 816 calidiore
977 773 1034 815 ad
1068 773 1223 815 Gades.

154 891 233 933 111.
268 891 437 945 Species
468 892 528 934 ad
560 892 886 934 Ncmastomam
914 891 1074 941 relatce,
1107 890 1154 932 ob
1186 894 1445 948 structuram
1482 892 1695 933 diversam

273 961 540 1015 expellcndce,
572 962 647 1003 scd
668 961 822 1015 fructu
852 960 989 1003 adhuc
1018 962 1157 1014 {quoto
1190 960 1404 1015 affinitate
1434 961 1583 1003 dubice.

203 1053 222 1073 ’¹‘
258 1053 429 1095 Fronde
467 1052 863 1105 compresso-plana
895 1052 1054 1094 alterne
1083 1053 1331 1106 mzifarz'am
1361 1053 1650 1106 subpalmata,

329 1124 554 1176 sefflnentzfs
584 1121 901 1175 mteyriuseulis
931 1121 1520 1164 sublaneeolato-linearibus.

159 1216 223 1255 11.
256 1213 323 1255 N?
354 1228 542 1255 PALMATA
572 1213 733 1268 (Ham).
784 1212 912 1266 Phys).
948 1216 1082 1255 austr.
1121 1213 1204 1255 tab.
1244 1214 1347 1269 262)
1384 1212 1535 1255 fronde
1567 1213 1698 1267 plana

269 1281 806 1324 carnoso-membranacea
850 1296 956 1336 vage
1003 1281 1284 1335 pzssmatifida,
1324 1281 1491 1323 laciniis
1533 1282 1697 1324 alterne

269 1354 315 1391 at
358 1349 662 1404 irregulariter
707 1349 1037 1393 subsecundatis
1083 1348 1583 1394 lanceolam-linearibus
1621 1364 1697 1404 pa-

271 1418 463 1460 tentibus
496 1418 766 1460 acuminatis.

422 1487 532 1530 Hab.
564 1487 619 1529 ad
652 1486 948 1529 Tasmaniam.

249 1554 448 1600 Specimen
474 1554 628 1590 unicum
655 1555 850 1601 depictum
875 1556 987 1600 hujus
1016 1555 1113 1590 vidit
1136 1555 1300 1601 Harvey.
1327 1556 1423 1590 Mihi
1450 1556 1583 1601 planta
1604 1555 1698 1590 Har-

158 1623 303 1657 veyana
338 1624 413 1646 non
451 1611 525 1646 nisi
562 1612 670 1647 icone
696 1612 862 1658 cognita.
902 1612 975 1657 Sed
1001 1624 1020 1647 e
1045 1613 1247 1648 Tasmania
1284 1616 1323 1648 et
1359 1614 1466 1648 Nova
1494 1613 1700 1648 Hollandia

158 1671 317 1706 australi
341 1671 559 1716 fragmenta
584 1682 709 1706 coram
735 1671 856 1705 habeo
882 1671 1024 1715 plantae
1050 1672 1170 1706 multo
1195 1671 1363 1716 majoris,
1390 1682 1500 1715 quam
1527 1673 1592 1705 aut
1615 1682 1698 1705 cum

159 1729 385 1773 Harveyana
423 1729 549 1774 specie
592 1728 800 1763 identicam
845 1731 909 1762 aut
946 1728 1083 1762 saltem
1118 1728 1291 1773 proxime
1329 1727 1476 1762 affinem
1515 1728 1698 1772 suspicor.

158 1787 301 1822 Nostra
325 1788 457 1831 planta
481 1786 637 1831 pedalis
658 1789 697 1820 et
722 1786 836 1829 ultra,
864 1785 1074 1831 segmentis
1100 1785 1279 1830 pollicem
1305 1785 1393 1820 latis
1421 1788 1460 1819 et
1485 1784 1585 1819 infra
1609 1785 1699 1819 laci-

160 1844 242 1878 nias
268 1845 388 1878 multo
414 1843 630 1887 latioribus,
656 1843 740 1888 ipso
766 1843 872 1878 disco
897 1854 998 1876 nunc
1022 1842 1150 1877 forsan
1175 1843 1278 1877 ultra
1301 1843 1463 1887 palmam
1488 1843 1565 1876 lato
1584 1845 1698 1886 atque

159 1901 360 1936 admodum
398 1912 539 1944 crasso,
580 1900 712 1945 stipite
752 1902 794 1933 ut
830 1899 869 1933 in
906 1899 1132 1943 Harveyana
1163 1902 1337 1943 cuneato,
1362 1899 1438 1933 ima
1461 1899 1543 1934 basi
1569 1899 1697 1933 tereti.

158 1958 280 1993 Frons
307 1958 417 2002 hujus
455 1969 592 1993 revera
624 1956 886 2000 subtubulosa,
914 1958 996 1990 tota
1021 1955 1094 1990 filis
1121 1956 1348 1998 constituta;
1375 1955 1458 1990 aliis
1486 1956 1697 1990 directione

158 2016 355 2061 tangentis
382 2016 673 2051 excurrentibus
710 2013 819 2059 quasi
850 2014 982 2049 tubum
1006 2013 1217 2049 introrsum
1242 2014 1510 2058 limitantibus‚
1535 2013 1699 2049 invicem

160 2072 463 2108 anastomosibus
500 2072 651 2117 parcius
684 2071 848 2116 junctis;
881 2082 927 2105 ex
963 2071 1022 2105 his
1049 2074 1264 2106 extrorsum
1290 2072 1432 2106 abeunt
1455 2071 1521 2106 fila
1544 2071 1701 2106 fascicu-

159 2130 237 2165 lata
262 2129 461 2164 verticalia
486 2132 545 2163 sat
571 2130 763 2175 elongata,
790 2128 962 2163 articulis
987 2128 1234 2164 interioribus
1260 2128 1388 2164 forsan
1406 2129 1517 2174 paulo
1541 2129 1700 2163 crassio-

159 2187 266 2222 ribus
292 2183 545 2231 ellipsoideis,
571 2186 635 2221 vix
662 2190 789 2220 tamen
815 2185 1019 2230 conspicue
1046 2185 1208 2221 diversis
1235 2187 1280 2221 ab
1306 2186 1562 2222 exterioribus
1583 2187 1701 2221 dense

162 2244 329 2289 stipatis,
358 2247 397 2279 et
421 2255 530 2279 muco
557 2243 727 2278 evidenti
753 2243 945 2278 cohibitis.
994 2243 1208 2278 Introrsum
1233 2243 1298 2278 fila
1322 2245 1454 2279 tubum
1479 2243 1702 2278 interiorem

161 2300 369 2335 limitantia
395 2301 578 2335 emittunt
602 2312 726 2335 ramos
752 2299 903 2334 filorum
930 2310 1096 2344 spars03‚
1123 2312 1281 2344 quorum
1306 2300 1540 2346 principales
1565 2302 1609 2336 ab
1627 2312 1701 2335 uno

161 2359 307 2404 pariete
333 2358 480 2394 frondis
507 2359 554 2394 ad
580 2359 743 2393 alterum
769 2361 988 2403 transeunt,
1007 2360 1138 2394 tubum
1161 2359 1283 2393 laxius
1302 2362 1584 2404 percurrentes,
1611 2359 1702 2394 Haec

161 2416 226 2450 fila
250 2415 518 2461 crassiuscula,
546 2415 653 2460 quasi
679 2416 887 2461 granulosa
922 2415 1084 2450 materia
1120 2415 1333 2450 constituta
1359 2417 1508 2460 (tubum
1537 2415 1700 2451 exterio-

161 2484 242 2507 rem
267 2474 461 2519 hyalinum
487 2473 633 2507 nullum
660 2472 739 2507 vidi
764 2473 804 2506 in
831 2473 974 2507 nostris
1000 2473 1098 2506 male
1123 2473 1366 2519 praeparatis)
1385 2472 1628 2517 inaequaliter
1647 2473 1701 2507 di-

162 2531 281 2564 latata
306 2533 346 2564 et
371 2529 594 2574 constricta,
620 2540 717 2574 vage
743 2531 782 2563 at
805 2528 957 2574 parcius
983 2540 1148 2570 ramosa3
1175 2540 1276 2563 nunc
1300 2529 1402 2564 inter
1428 2529 1491 2564 fila
1516 2529 1702 2564 crassiora

162 2587 339 2621 tenuiora
363 2586 456 2630 vidi,
484 2598 566 2630 quae
593 2585 697 2620 intra
721 2586 852 2620 tubum
878 2584 1073 2630 hyalinum
1099 2586 1269 2620 canalem
1294 2586 1503 2621 coloratum
1527 2585 1670 2621 fovent.

254 2643 311 2679 Ob
335 2643 508 2678 frondem
534 2644 749 2678 tubulosam
774 2645 813 2676 et
837 2642 902 2675 fila
926 2641 1112 2677 interiora
1136 2642 1294 2677 nimium
1320 2654 1451 2688 sparsa
1476 2642 1541 2677 vix
1566 2642 1699 2677 Nema-

164 2704 296 2736 stomae
324 2703 389 2735 aut
415 2699 686 2744 Schizymeniae
707 2699 871 2745 speciem
897 2698 937 2732 in
956 2698 1027 2733 hac
1046 2698 1280 2743 suspicarer3
1299 2710 1369 2733 nec
1386 2698 1699 2733 Meristothecam

163 2759 210 2793 ob
247 2760 409 2793 stratum
448 2757 628 2793 corticale
666 2758 706 2792 in
742 2757 807 2791 fila
831 2756 942 2791 valde
968 2756 1147 2801 elongata
1172 2757 1384 2798 evolutum3
1411 2766 1480 2790 nec
1506 2755 1701 2790 Gelinaria

165 2814 356 2859 convenit,
395 2817 433 2849 et
468 2814 603 2849 habitu
630 2816 668 2849 et
692 2811 978 2848 ramificationis
1004 2824 1138 2848 norma
1163 2816 1276 2858 atque
1303 2815 1496 2849 structura
1521 2811 1698 2849 diversis.

163 2871 223 2906 An
249 2871 374 2907 Genus
399 2871 597 2918 proprium
623 2871 725 2907 inter
749 2869 1070 2906 Dumontiaceas?
