1757 3114
77 105 129 149 H
125 102 453 148 ildenbrawdtia.
704 97 995 145 SQUAMARIEAE.
1530 96 1578 136 37
1586 97 1609 137 9

188 218 254 259 Ad
285 230 347 268 ea,
379 226 474 269 quae
505 213 549 253 in
585 211 704 265 Spec.
752 210 846 264 Alg.
894 209 946 251 de
993 210 1215 263 speciebus
1260 209 1388 264 hujus
1431 207 1611 249 Generis

77 288 176 339 dixi,
209 285 316 328 nihil
347 283 443 325 novi
474 286 550 323 aut
581 281 740 323 certius
771 279 1064 321 afferrendum
1096 279 1246 320 habeo.
1306 276 1458 328 Quoad
1494 275 1610 317 fruc-

78 361 148 398 tus
179 355 300 397 varia
331 351 464 394 dubia
494 354 673 399 restant,
706 352 748 390 et
777 348 956 390 Generis
988 347 1249 389 sectionibus
1279 345 1434 388 melius
1466 343 1611 398 cogni-

76 424 132 466 tis
162 423 308 466 Genus
338 420 487 462 forsan
517 419 562 459 in
593 417 720 471 plura
749 415 1079 458 dissolvendum.

77 550 110 592 I.
141 549 513 592 HILDENBRANDTIA
544 545 852 600 sphoerosporis
892 544 1080 597 oblonyis
1100 543 1325 585 cruciatam
1346 542 1515 593 divisis,
1532 555 1614 595 pa-

191 616 484 660 ranematibus
514 614 659 657 mollis.

81 724 116 764 1.
148 722 199 763 Η.
230 721 368 762 NARDI
398 719 615 774 (Zamard.
651 717 750 771 Syn.
772 731 820 770 p.
854 716 953 771 136)
984 715 1136 757 fronde
1168 715 1417 757 tenuissime
1439 716 1614 755 crusta-

193 803 268 831 cea
297 787 606 830 maculaeformi
645 785 1137 839 sanguineo-purpurea,
1184 783 1496 837 sphaerosporis
1541 782 1616 824 ob-

192 858 330 911 longis
361 856 584 898 cruciatim
616 855 774 896 divisis.
806 853 850 896 J.
883 852 963 906 Ay.
999 852 1071 906 Sp.
1094 867 1141 906 p.
1171 852 1264 893 494.
1296 851 1406 893 Zau.
1430 851 1455 892 l.
1477 866 1508 893 c.
1533 851 1615 892 tab.

195 927 233 969 Ι.
253 927 330 982 fiy.
364 927 399 966 1.

345 993 454 1034 Hab.
486 992 530 1033 in
561 992 671 1033 mari
701 991 1020 1033 mediterraneo
1053 992 1095 1031 et
1125 988 1347 1030 adriatico.

84 1116 136 1157 ΙΙ.
172 1115 502 1156 HAEMATOPHLAEA
532 1109 842 1163 sphcerosporis
872 1106 1277 1161 domato-oblongis
1297 1107 1487 1148 zonatz'm
1508 1106 1618 1148 dim·-

193 1183 268 1234 sis,
297 1179 655 1234 paranemato‘bus
686 1177 833 1220 nullis.

81 1288 120 1328 2.
151 1286 202 1328 H.
234 1284 439 1327 CROUANII
469 1282 536 1338 (J.
569 1282 649 1337 Ay.
685 1282 756 1336 Sp.
789 1281 886 1335 Ang.
909 1295 957 1334 p.
997 1281 1099 1336 495)
1145 1279 1297 1322 fronde
1343 1279 1622 1322 subcoriacea

195 1353 486 1395 crassiuscula
508 1355 838 1405 atropurpurea,
862 1349 1174 1404 sphaerosporis
1196 1348 1620 1403 elongato-oblongis

196 1421 383 1464 zonatim
415 1420 736 1475 quadridivisis.

347 1489 458 1531 Hab.
489 1489 534 1530 in
565 1488 747 1542 rupibus
777 1501 911 1541 prope
942 1487 1080 1529 Brest.

173 1570 217 1605 In
252 1569 460 1616 specimine
500 1568 627 1613 typico
664 1567 775 1612 hujus
815 1568 974 1612 plantae,
1011 1566 1105 1601 mihi
1144 1577 1163 1599 a
1200 1566 1278 1600 Cel.
1318 1565 1466 1601 Crouan
1498 1565 1627 1611 misso,

82 1631 328 1675 paranemata
353 1628 461 1662 nulla
487 1626 578 1670 vidi,
606 1629 648 1660 ut
673 1626 713 1660 in
740 1625 998 1670 descriptione
1024 1625 1049 1659 l.
1076 1636 1108 1659 c.
1136 1624 1328 1668 expressis
1354 1624 1480 1659 verbis
1519 1624 1624 1658 dixe-

84 1687 167 1721 rim.
217 1687 358 1722 Nostra
383 1686 511 1729 itaque
540 1684 687 1729 species
722 1684 873 1718 diversa
904 1683 1057 1717 videtur
1083 1683 1128 1717 ab
1154 1682 1234 1725 illa,
1261 1693 1371 1725 quam
1397 1681 1550 1716 nomine
1576 1682 1622 1715 H.

84 1744 245 1780 Crouani
270 1744 310 1777 in
338 1743 399 1777 Fl.
430 1742 570 1776 Finist.
591 1741 648 1786 pl.
675 1741 718 1774 19
742 1751 803 1775 nso
840 1741 906 1774 125
943 1740 1151 1785 pinxerunt
1189 1738 1284 1774 Coki
1322 1739 1482 1774 Crouan.
1532 1738 1623 1772 Cum

82 1803 228 1844 nostra,
254 1803 400 1843 contra,
427 1798 630 1833 convenire
656 1798 809 1832 videtur
835 1809 918 1841 quae
953 1797 1085 1832 eodem
1125 1797 1207 1831 loco
1235 1797 1302 1830 sub
1328 1795 1494 1830 nomine.
1542 1795 1623 1829 Hil-

84 1856 351 1892 denbrandtiae
379 1867 498 1891 roseae
525 1855 604 1899 (Pl.
632 1856 675 1889 19
693 1856 762 1899 fif]-
790 1855 870 1899 126)
909 1854 1102 1888 delineata
1138 1856 1208 1887 est.
1259 1853 1302 1887 In
1328 1856 1460 1887 nostra
1496 1855 1623 1887 tamen

84 1915 367 1960 sphaerosporas
393 1924 468 1947 non
495 1911 662 1955 sessiles,
690 1911 756 1945 sed
783 1910 821 1944 in
848 1910 911 1945 filo
936 1910 1112 1945 breviore
1138 1909 1342 1943 articulato
1368 1909 1621 1954 pedicellatas

84 1969 296 2006 observavi.

91 2088 167 2129 III.
198 2087 606 2129 ERYTHROOLATHRUS
637 2086 946 2138 sphaerosporis
967 2086 1076 2126 inter
1087 2085 1380 2137 paramentum
1410 2082 1628 2135 simplicia

205 2156 531 2206 obvenientibus,
561 2156 748 2197 amatim
778 2158 854 2196 aut
883 2153 1258 2207 subirrequlariter
1288 2151 1455 2194 divisis.

92 2261 128 2302 3.
161 2260 211 2301 H.
244 2273 457 2301 RIVULARIS
489 2258 667 2310 (Liebm.
698 2259 745 2300 in
779 2258 913 2311 Kroy.
950 2256 1120 2299 Tidskr.
1157 2256 1262 2297 1839
1292 2269 1334 2308 p.
1361 2255 1461 2309 174)
1483 2267 1628 2295 roseo-

204 2328 341 2370 rubra
370 2327 636 2385 tenuissima,
668 2325 752 2367 filis
791 2326 956 2379 apicem
1003 2338 1150 2366 versus
1196 2323 1387 2373 clavatis,
1434 2321 1628 2363 articulis

204 2397 415 2439 diametro
449 2395 685 2450 l¹l2—2plo
718 2394 1001 2448 longioribus,
1033 2392 1247 2434 fructibus
1253 2423 1426 2432 .....
1467 2389 1513 2432 J.
1544 2389 1626 2443 Ay.

209 2465 282 2518 Sp.
304 2478 352 2517 Ρ.
384 2464 478 2504 495.

204 2533 315 2574 Hab.
347 2532 403 2573 ad
434 2544 539 2573 saxa
569 2532 760 2572 amnium
780 2532 823 2572 in
845 2530 1001 2572 vicinia
1020 2529 1153 2571 maris
1175 2527 1360 2580 Europae
1382 2525 1628 2579 superioris.

93 2624 129 2664 4.
161 2623 213 2665 H.
244 2637 374 2665 RosnA
405 2623 560 2676 (Kic'tz'.
596 2621 728 2676 Phyle.
752 2635 799 2674 p.
839 2622 942 2676 384)
989 2620 1318 2661 atrorubescens
1365 2618 1630 2670 tenuissima,
1688 2627 1691 2631 '

204 2690 288 2732 filis
321 2691 487 2744 apicem
518 2703 665 2731 versus
695 2704 850 2742 parum
881 2687 1131 2737 attenuatis,
1179 2685 1373 2727 articulis
1420 2686 1631 2728 diametro

206 2758 543 2813 subaequalibus,
577 2758 887 2811 sphaerosporis
919 2757 1030 2797 inter
1062 2757 1346 2809 paranemata
1369 2753 1630 2797 obvenienti-

205 2829 285 2872 bus
318 2828 505 2871 zonatim
534 2827 695 2870 divisis.
734 2826 957 2869 Hildenbr.
997 2825 1132 2868 rubra
1169 2823 1306 2866 Harv.
1349 2822 1479 2879 Phyc.
1513 2823 1630 2871 Brit,
