1757 3114
116 82 198 122 310
708 81 1093 125 RHODYMENIAECAE.

115 194 279 239 haerens,
318 194 502 229 columnis
541 195 690 230 filorum
727 194 916 230 sterilium
953 207 1035 230 cum
1060 197 1180 231 basali
1206 200 1314 243 parte
1336 199 1523 244 jungitur.
1572 200 1648 234 Nu·
1685 213 1694 216 ·

115 251 225 286 clcoli
250 252 354 286 inter
379 252 572 286 columnas
599 252 790 298 dispositi,
809 254 848 288 in
866 253 1056 298 pedicello
1081 255 1283 289 articulato
1301 255 1468 291 breviori
1487 259 1551 290 aut
1568 257 1647 292 lon-

114 308 214 354 giori
239 309 467 352 insidentes,
494 309 597 343 intra
622 321 819 345 verrucam
845 311 1014 356 plurimi,
1042 312 1149 356 quasi
1175 313 1219 347 ab
1246 313 1309 346 axi
1334 313 1480 348 frondis
1499 313 1649 348 radian-

113 369 172 400 tes
200 369 239 400 et
262 366 426 401 invicem
452 367 639 411 paralleli.
668 390 708 393 —
733 369 777 402 In
803 368 1103 413 Rhodophylleis
1131 373 1219 404 sunt
1244 369 1344 405 circa
1361 374 1543 416 punctum
1562 383 1647 406 cen-

113 425 211 459 trale
249 425 478 470 cystocarpii
517 425 763 461 circumcirca
805 426 981 471 dispositi
1020 430 1057 461 et
1094 439 1395 472 quoquoversum
1439 429 1646 464 radiantes.

210 482 448 517 Structuram
475 485 704 530 cystocarpii
730 484 804 519 alio
828 485 938 519 modo
965 487 1004 519 et
1029 485 1236 530 explicavit
1260 486 1481 532 Montagne,
1508 487 1572 531 qui
1609 488 1649 522 in

113 538 407 583 Rhizophyllide
426 541 663 586 cystocarpia
681 541 842 584 detexit,
863 545 900 576 et
917 541 998 586 ipse
1017 553 1177 586 quoque,
1198 543 1466 587 speciminibus
1485 544 1646 579 Desmiae

113 600 151 631 ct
177 596 360 631 Ochtodis
386 596 595 632 fructiferis
633 597 791 632 nimium
828 600 988 633 maturis
1028 600 1267 644 examinatis,
1305 601 1416 635 aliter
1442 601 1488 635 (le
1514 613 1558 636 ea
1582 601 1646 636 diu

104 653 286 698 judicavi.
335 653 401 687 Sin
425 652 570 687 fructus
597 665 674 688 non
699 654 857 689 nimium
882 659 1050 691 maturos
1078 656 1243 690 examini
1270 657 1462 702 subjicias,
1482 661 1646 693 structu-

108 721 189 744 ram
215 721 330 755 supra
355 711 586 756 descriptam
612 713 755 746 videas.
806 714 864 747 Ita
901 714 1095 758 explicati'
1118 714 1264 749 fructus
1302 726 1386 749 cum
1422 715 1467 750 iis
1495 716 1645 751 Rhodo-

107 767 347 811 pliyllearum
372 768 611 812 potissimum
639 769 843 804 convenire
870 771 1091 815 adpareant.
1140 771 1277 806 Restat
1309 774 1436 806 tamen
1469 773 1645 808 decidere

108 835 156 858 an
182 825 314 859 eodem
340 826 450 861 modo
475 826 515 860 in
540 827 712 871 utrisque
739 827 921 862 oriantur.
957 829 1000 862 In
1024 828 1149 863 fructu
1170 830 1332 874 juvenili
1359 830 1522 865 Desmiae
1544 843 1644 876 saepe

107 881 263 915 cellulas
290 882 369 917 vidi
399 883 641 928 majusculas,
667 884 775 928 quasi
806 888 989 919 contentu
1026 885 1142 920 fluido
1179 886 1371 931 impletas,
1409 897 1491 930 quae
1518 890 1644 922 utrum

107 938 185 973 sint
210 940 470 974 nucleolorum
495 940 618 984 initia,
645 953 692 975 an
718 942 820 976 aliud
847 946 1036 986 spectent,
1062 942 1156 977 mihi
1182 943 1338 978 dubium
1357 947 1497 978 manet.
1534 945 1644 990 Ejus-

106 995 210 1030 modi
236 995 382 1030 vesicas
408 996 448 1030 in
477 997 765 1041 Cryptonemeis
792 998 986 1033 nonnullis
1013 1011 1160 1043 quoque
1186 999 1278 1034 vidi.

196 1052 343 1088 Nomen
369 1053 731 1099 Rhizophyllearum
757 1068 831 1090 non
859 1056 939 1090 sine
966 1057 1209 1092 haesitatione
1236 1058 1396 1101 quadam
1421 1059 1509 1094 huic
1527 1059 1645 1095 tribui

105 1109 340 1144 conservavi.
392 1110 640 1146 Charactcres
667 1112 766 1146 enim
793 1112 970 1147 nituntur
1002 1116 1197 1148 structura
1227 1116 1471 1160 cystocarpii,
1496 1117 1644 1160 qualem

104 1166 145 1200 in
169 1166 324 1201 Desmia
349 1170 388 1202 et
413 1167 585 1203 Octhode
612 1170 828 1205 observavi:
854 1170 894 1204 in
920 1170 1214 1216 Rhizophyllide
1241 1172 1353 1206 aliam
1377 1171 1561 1207 indicant.
1593 1173 1645 1207 At

104 1225 332 1270 comparatis
358 1225 531 1260 iconibus
571 1228 610 1260 et
647 1226 970 1271 descriptionibus
1008 1231 1240 1262 structuram
1276 1228 1316 1263 in
1353 1229 1643 1274 Rhizophyllide

104 1280 217 1315 aliter
257 1293 340 1316 esse
377 1282 709 1328 interpretandam
748 1284 961 1329 suspicatus
1001 1297 1095 1330 sum,
1122 1288 1161 1319 et
1195 1298 1331 1321 revera
1367 1287 1524 1321 eandem
1562 1299 1644 1322 esse

106 1348 148 1371 ac
173 1338 213 1371 in
239 1338 324 1373 aliis
350 1338 574 1374 Generibus.
627 1340 747 1384 Quum
772 1340 893 1387 igitur
914 1342 991 1386 jam
1018 1342 1057 1376 in
1085 1342 1192 1388 Spec.
1225 1344 1356 1388 Algar.
1383 1344 1643 1389 Rhizophylli-

104 1394 260 1429 dearum
285 1396 474 1440 quendam
498 1397 639 1432 tribum
664 1397 831 1443 institui,
856 1399 958 1433 idem
983 1411 1120 1434 nomen
1146 1400 1291 1443 Tribui,
1329 1401 1421 1435 licet
1457 1401 1642 1437 limitibus

105 1454 143 1486 ct
169 1452 454 1489 characteribus
479 1457 650 1498 mutatae,
675 1454 788 1489 hodie
816 1456 1117 1491 conservandum
1144 1457 1303 1492 credidi.

368 1559 540 1602 Genera
571 1560 876 1614 disponantur:

244 1663 264 1684 *⁸*
297 1662 473 1706 Cellulis
503 1664 776 1707 corticalz‘bus
798 1665 980 1719 frondis
1010 1667 1492 1721 rotundato-anffldatis

104 1754 255 1790 Fronde
271 1765 315 1789 em
331 1756 493 1799 ancipite
505 1755 625 1800 plana
642 1757 870 1792 decumbente
888 1762 922 1793 et
937 1759 1129 1794 radiccmte
1161 1759 1351 1794 LXXVIII
1377 1760 1642 1797 R111zornnms.

209 1858 384 1902 Cellzdz's
415 1860 687 1903 cort'icalibus
708 1861 891 1913 frondis
921 1863 968 1904 in
986 1863 1072 1918 fila
1102 1864 1324 1906 vertiealc'a
1357 1865 1602 1918 eoijzete‘s.

105 1949 255 1985 Fronde
280 1951 736 1997 cylindraeeo-compressa
754 1954 958 1989 diclzotoma
974 1959 1133 1991 ecostata
1158 1956 1325 1991 LXXIX.
1355 1957 1370 1991 P
1387 1957 1637 1993 Gto1ocLAmA.

171 2033 194 2050 „
278 2009 659 2053 compresso-cmczjn'te
678 2010 843 2053 pinnata
867 2011 1077 2046 subcostata
1126 2039 1133 2046 .
1182 2012 1331 2047 LXXX.
1359 2013 1510 2049 DsssmA.

172 2090 194 2107 ,,
278 2064 515 2109 cylindraeea
540 2076 629 2110 wyse
653 2077 799 2101 ramosa
823 2067 922 2102 ancili
944 2069 1096 2112 szssplmne

366 2123 572 2157 minoribus
597 2124 715 2158 cincto
740 2125 928 2159 instructa„
1001 2153 1007 2159 .
1060 2153 1066 2159 .
1117 2154 1123 2160 .
1172 2126 1339 2161 LXXXI.
1368 2126 1567 2163 OctHTonsss.

100 2273 301 2324 TRIBUS
337 2273 416 2323 ῙῙῘ.
487 2274 941 2326 RHODOPHYLLEAE
980 2287 1270 2342 Cystocarpiis
1301 2290 1419 2331 intra
1449 2292 1639 2344 pericar-

212 2353 333 2406 pium
365 2355 592 2395 externum
614 2354 821 2408 exceptis3
850 2356 1001 2398 nucleo
1024 2358 1272 2410 composito,
1295 2359 1501 2401 nucleolis
1524 2361 1639 2402 circa

214 2426 422 2475 punctum
454 2422 644 2464 centrale
676 2424 933 2477 cystocarpii
966 2439 1312 2479 quoquoversum
1350 2427 1636 2479 radiantibus,

212 2493 421 2535 columnis
453 2492 625 2535 filorum
657 2494 867 2536 sterilium
898 2495 1079 2538 invicem
1111 2498 1334 2550 separatis.

184 2583 294 2629 Algae
320 2584 431 2628 hujus
457 2585 581 2620 tribus
608 2588 696 2620 sunt
721 2587 1019 2622 membranaceae
1046 2590 1084 2622 et
1102 2589 1308 2632 cellulosae,
1327 2589 1633 2633 quandoquidem

98 2644 254 2676 costatae
280 2642 436 2677 venisve
467 2655 672 2688 percursas.
723 2644 968 2689 Cystocarpia
994 2648 1165 2690 externa,
1204 2646 1346 2680 ambitu
1372 2646 1542 2691 definita,
1569 2660 1636 2682 nu-

97 2700 219 2733 cleum
246 2699 462 2734 evidentius
489 2700 740 2745 compositum
765 2701 907 2736 fovent.
942 2702 1026 2736 Fila
1050 2702 1329 2747 gemmidiifera
1346 2714 1460 2746 supra
1477 2703 1636 2739 fundum

96 2756 354 2798 placentarcm
380 2756 466 2800 plus
492 2757 616 2791 minus
643 2758 805 2802 elevata,
832 2769 853 2792 a
877 2759 1037 2793 centrali
1057 2760 1217 2803 quodam
1235 2761 1376 2804 puncto
1402 2762 1636 2806 cystocarpii

96 2822 218 2846 ramos
244 2824 548 2855 quoquoversum
575 2814 810 2857 emittentia3
837 2814 931 2849 rami
957 2815 1022 2849 alii
1049 2815 1200 2851 steriles
1240 2815 1448 2850 ccntralem
1486 2820 1632 2861 partem
