1757 3114
114 103 368 145 Lauronem.
755 99 1019 143 CHONDRIEAE.
1564 106 1644 146 649

225 216 301 257 dos
334 214 641 266 emittentibus,
669 207 851 257 'ramulis
873 215 1063 266 clavatis,
1086 215 1329 258 fructiferis.
1362 249 1370 256 .
1405 251 1412 258 .
1446 251 1454 259 .
1484 218 1530 261 J.
1562 218 1643 273 Ay.

228 283 298 337 Sp.
321 297 367 336 p.
400 284 493 325 748.
528 284 656 326 Kane.
692 284 774 326 tab.
811 283 939 337 Phyc.
981 282 1065 326 Vol.
1102 283 1200 326 XV
1225 284 1306 326 tab.
1338 285 1402 326 49.

223 352 319 394 Hab
350 353 394 393 in
425 352 617 394 maribus
663 352 940 394 calidioribus
984 352 1028 392 in
1073 365 1206 394 arena
1243 356 1285 394 et
1315 352 1427 394 inter
1458 353 1643 397 minores

375 420 506 474 Algas
538 434 704 475 repens.

200 500 346 535 Formae
375 501 559 546 analogae,
587 500 618 534 si
643 512 718 535 non
745 499 913 544 ejusdem
940 500 1094 545 speciei,
1113 511 1134 534 a
1151 501 1313 536 diversis
1339 502 1503 537 maribus
1531 503 1643 538 hodie

108 557 285 604 cognitae,
312 569 394 601 quae
420 557 614 602 paulisper
638 557 901 602 magnitudine
921 560 959 592 et
984 558 1307 603 decompositione
1326 571 1347 594 a
1369 559 1549 605 primaria
1576 561 1641 595 Ca-

108 615 275 649 nariensi
301 616 497 650 abludunt.
546 615 604 649 Ita
630 616 778 659 Harvey
804 614 1012 660 specimina
1030 627 1048 649 e
1076 616 1240 660 Ceylona
1258 618 1326 653 sub
1355 629 1416 653 nto
1442 618 1486 651 19
1503 620 1541 652 et
1558 617 1641 652 Fri-

109 673 222 717 ondly
239 673 303 707 Isl.
331 686 390 708 nto
409 674 452 706 29
470 673 680 716 distribuit,
702 684 785 717 quae
803 673 931 707 forsan
958 673 1002 707 L.
1022 684 1153 718 cayam
1173 674 1288 709 Kntz.
1316 675 1386 709 tab.
1415 675 1529 720 Phyc.
1564 675 1642 711 Vol.

108 729 188 763 XV
208 730 278 764 tab.
305 731 348 763 50
374 729 527 764 sistunt.
559 729 682 763 Aliam
707 729 891 764 minorem
917 741 936 763 e
962 730 1067 764 Nova
1093 730 1298 765 Caledonia
1323 733 1390 767 sub
1417 732 1569 767 nomine
1596 733 1640 768 L.

105 786 345 820 decumbentis
370 786 474 830 (Tac.
502 786 615 831 Phyc.
642 787 712 821 tab.
739 787 814 831 51);
843 789 881 821 et
906 786 1141 821 consimilem
1167 788 1206 822 in
1231 788 1347 822 Istria
1363 789 1558 824 inventam
1577 802 1642 825 no-

105 842 205 876 mine
231 842 276 877 L.
303 843 508 877 radicantis
534 843 637 886 (Tab.
666 844 780 888 Phyc.
808 844 877 878 tab.
905 845 965 888 50)
997 844 1174 889 depinxit
1205 845 1384 891 Kutzing.
1435 846 1524 890 Quae
1551 858 1641 882 vero

104 910 233 934 omncs
260 902 406 934 tantum
434 899 586 934 steriles
612 900 793 945 cognitae3
812 911 880 934 nec
898 900 992 934 mihi
1010 903 1117 945 patet
1135 902 1321 945 quomodo
1339 902 1639 949 distinguantur.

106 994 168 1034 11.
202 994 246 1035 L.
279 1006 461 1034 NinirmA
492 993 553 1045 (J.
587 992 668 1047 Ay.
704 993 775 1047 Sp.
799 1008 847 1047 p,
881 995 982 1048 749)
1020 1008 1155 1046 rosea,
1203 994 1354 1038 fronde
1399 998 1526 1039 tereti
1557 996 1639 1038 fili-

216 1061 343 1102 formi
375 1075 719 1115 quoquoversum
751 1075 855 1115 vage
886 1066 928 1103 et
958 1062 1210 1104 densissime
1252 1077 1435 1115 ramosa,
1473 1064 1639 1108 inferne

216 1130 260 1170 in
291 1131 507 1183 caespitem
538 1130 882 1171 inextricandum
914 1131 1129 1181 intricata,
1161 1133 1294 1175 ramis
1326 1133 1537 1188 elongatis
1568 1148 1639 1176 ra-

216 1198 428 1253 mulisque
474 1198 562 1240 fere
609 1198 822 1240 subulatis
866 1198 1347 1253 flexuoso-divaricatis3
1395 1216 1578 1256 superne
1617 1217 1639 1245 e

216 1268 388 1321 caespite
420 1268 714 1321 proeminente
746 1268 877 1309 ramis
909 1282 1020 1322 saepe
1052 1270 1260 1323 oppositis
1299 1271 1639 1324 paniculato-co-

214 1336 444 1389 rymbosis3
476 1335 655 1377 ramulis
688 1336 866 1377 alternis
906 1337 1236 1380 subdivaricatis
1277 1339 1467 1391 clavatis,
1500 1341 1637 1394 spori-

213 1403 314 1445 feris
352 1404 642 1447 conformibus
682 1419 866 1459 superne
903 1405 1203 1457 verruculosis,
1242 1407 1491 1451 keramidiis
1531 1409 1636 1451 late-

213 1473 377 1515 ralibus
408 1473 789 1527 ovato-sphaericis.

364 1542 473 1584 Hab.
506 1542 561 1583 ad
594 1542 761 1584 Insulas
793 1542 1029 1585 Sandwich.

189 1621 240 1656 Ut
265 1622 540 1665 antecedentis,
569 1621 624 1656 ita
650 1622 760 1667 hujus
788 1622 827 1656 in
854 1623 1025 1667 pluribus
1053 1622 1297 1659 calidioribus
1326 1625 1476 1659 oceanis
1508 1626 1637 1661 formae

100 1679 251 1713 steriles
279 1679 494 1714 consimiles
534 1679 685 1723 adsunt,
724 1692 805 1724 quac
846 1691 891 1713 an
929 1679 1092 1715 invicem
1131 1680 1257 1726 specie
1295 1681 1472 1718 differant
1504 1696 1637 1729 parum

99 1739 262 1771 constat.

98 1853 187 1874 ΜΝ
228 1853 398 1895 Fronde
443 1854 559 1895 tereti
606 1854 839 1895 evidentius
878 1855 1099 1907 pinnatim
1142 1870 1318 1900 ramosa
1360 1858 1634 1911 ylandulosa,

210 1921 328 1963 caule
351 1921 595 1974 princepali
616 1926 888 1974 percurrente
917 1937 1249 1976 quoquoversum
1279 1940 1467 1978 ramoso,
1497 1929 1636 1970 ramis

208 1991 445 2044 majoribus
476 1991 775 2043 subopposzftzfs,
807 1993 1099 2044 superioribus
1130 1995 1177 2036 in
1215 1994 1388 2037 rachidc
1413 1996 1520 2049 plns
1557 1998 1636 2039 nci-

209 2073 289 2101 nns
323 2060 653 2112 sffflcreneincntc
682 2060 947 2114 ramulisque
977 2075 1086 2115 soeqc
1106 2063 1336 2116 interjectis
1357 2064 1635 2119 papillccfor-

209 2128 346 2169 wihus
377 2128 639 2170 subalternis
669 2130 853 2182 vayisvc.

97 2234 160 2273 12.
191 2232 237 2273 L.
260 2246 504 2273 DIVARICATA
536 2233 598 2285 (J.
632 2232 714 2287 Ay.
740 2233 811 2287 Sp.
824 2248 873 2287 p.
897 2235 998 2290 754)
1020 2236 1307 2290 pyramidata,
1330 2236 1483 2279 fronde
1506 2239 1635 2281 tereti

208 2314 553 2354 quoquoversum
585 2302 971 2355 pinnato-ramosa,
995 2304 1126 2346 ramis
1150 2305 1385 2359 majoribus
1417 2306 1633 2361 suboppo-

96 2437 170 2470 lla.
197 2437 239 2471 L.
266 2448 447 2471 INTRICATA
475 2438 667 2481 (Lamour.
696 2441 781 2475 Ess.
811 2441 879 2476 tal).
905 2443 925 2476 3
942 2443 1010 2486 fig).
1036 2443 1140 2486 8-9)
1167 2442 1300 2477 fronde
1319 2442 1633 2488 gelatinoso-car-

185 2494 372 2539 tilaginea
396 2495 637 2539 cylindracea
661 2497 880 2533 inordinate
912 2499 1078 2544 undiquc
1097 2512 1258 2545 ramosa,
1277 2501 1391 2537 ramis
1410 2502 1632 2541 incrassatis

186 2552 288 2586 varie
313 2552 416 2586 inter
443 2564 481 2587 se
519 2553 711 2591 intricatis
750 2556 1028 2601 concretisque.
1069 2558 1188 2593 Mont.
1228 2558 1330 2594 Cuba
1348 2570 1389 2604 p.
1415 2560 1471 2595 41.
1496 2561 1531 2597 J.
1559 2563 1630 2608 Ay.

186 2609 248 2653 Sp.
275 2620 311 2652 p.
340 2610 418 2644 750.
718 2650 722 2655 ,

357 2667 452 2701 Hab.
480 2668 527 2702 ad
552 2668 695 2704 insulas
721 2670 841 2705 Indiae
869 2671 1129 2706 occidentalis.

184 2725 226 2759 L.
252 2725 471 2760 intricatam
496 2726 611 2761 habet
637 2727 802 2773 Kutzing
831 2729 936 2771 (Ταῦ.
964 2729 1077 2774 Plzye.
1113 2729 1191 2764 Vol.
1225 2730 1306 2765 XV
1339 2732 1410 2766 tab.
1449 2733 1509 2777 61)
1546 2745 1628 2778 quae

93 2795 139 2817 cx
165 2784 391 2827 comparatis
418 2783 589 2819 iconibus
616 2785 680 2820 vix
707 2787 836 2821 eadem
873 2787 1006 2831 planta
1037 2799 1078 2822 ac
1105 2788 1250 2833 species
1288 2789 1628 2828 Lamourouxiana.

92 2840 136 2874 ln
162 2840 332 2885 Specieb.
358 2840 444 2886 Alg.
472 2841 582 2875 Kutz.
610 2842 691 2877 haec
719 2843 864 2888 species
892 2843 937 2879 L.
962 2848 1100 2880 setacea
1127 2846 1374 2882 denominata
1397 2847 1481 2883 fuit.
