1757 3114
96 116 175 156 292
295 116 299 118 ⁷
746 112 985 154 CHAMPIEAE.
1469 114 1626 156 Horea.

209 228 354 269 Genus
385 242 411 267 a
440 240 508 267 1116
539 227 708 268 1101111116
753 227 1040 269 Grloiodermae
1086 226 1342 277 institutum,
1375 230 1416 268 et
1447 226 1627 268 ducente

97 300 318 339 structura
347 296 525 345 frondis,
558 296 703 350 ignoto
734 297 838 337 mihi
871 295 1012 337 adhuc
1044 294 1188 336 fructu
1219 295 1447 349 capsulari,
1478 295 1533 335 ad
1555 295 1628 336 Gi-

97 368 316 421 gartineas
347 366 544 407 relatum.
605 365 775 419 Harvey
817 364 919 405 dein
958 363 1156 417 pluribus
1196 364 1417 417 speciebus
1448 363 1630 404 inventis

99 440 142 476 et
173 435 339 477 detecto
371 433 515 474 fructu
546 434 762 487 capsulari
808 433 921 474 idem
967 432 1113 474 Genus
1160 433 1329 474 nomine
1374 433 1526 474 Horeae
1557 431 1631 472 de-

99 504 286 557 scripsit3
334 517 489 544 novum
547 502 691 543 Genus
737 502 903 555 insigne
950 501 1071 542 initio
1116 501 1228 541 inter
1274 501 1545 553 Gigartinam
1591 503 1634 541 et

100 570 465 625 Chrysymeniam,
498 570 670 611 demum
707 571 752 610 in
783 568 964 623 Synopsi
996 567 1078 622 alg.
1112 572 1246 610 austr.
1292 569 1404 610 inter
1448 568 1633 622 1311111116-

98 641 215 680 niam
247 644 289 680 et
319 638 674 693 Chrysymeniam
706 638 940 680 collocavit.
1001 636 1167 678 Nomen
1198 637 1511 691 Harveyanam,
1534 636 1634 677 licet

100 708 314 760 posterius
346 708 389 749 ni
419 706 547 749 fallor
593 707 755 750 datum,
804 706 1030 760 anteposui
1075 720 1135 747 116·
1175 718 1408 759 synonyma
1453 704 1633 746 ulterius

100 791 315 831 augerem.

102 873 138 912 1.
170 871 222 912 H.
254 884 529 912 FRUTICULOSA
560 869 721 924 (Hem-v.
754 869 852 922 Algs.
884 872 1016 911 [lustr.
1048 869 1194 910 anslec.
1226 880 1297 909 mo
1340 868 1436 920 440)
1482 865 1634 907 fronde

214 939 404 981 filiformi
435 953 486 981 ex
517 939 926 991 tereti-compressa,
947 937 1079 978 ramis
1110 936 1400 978 conformibus
1431 934 1528 988 plus
1559 935 1635 975 1111-

214 1022 295 1049 nus
351 1008 599 1060 composita,
652 1007 919 1059 ramulisque
974 1005 1238 1047 abbreviatis
1293 1017 1638 1057 quoquoversum

216 1075 536 1130 egredientibus
568 1075 875 1128 patentissimis
914 1088 940 1114 a
972 1074 1065 1115 basi
1096 1073 1249 1114 latiore
1281 1073 1519 1113 attenuatis
1564 1071 1638 1112 ob-

216 1145 463 1187 tusiusculis
496 1145 719 1191 instructa,
767 1142 989 1184 sterilibus
1021 1147 1063 1183 et
1094 1141 1418 1195 sphaerosporas
1464 1152 1638 1192 sparsas

216 1214 466 1269 gerentibus
499 1211 860 1266 simpliciusculis,
899 1210 1099 1263 capsulas
1137 1210 1385 1263 gerentibus
1416 1222 1544 1262 parce
1575 1207 1639 1248 di-

216 1282 625 1325 varicato-ramosis.
659 1280 804 1323 Horou
826 1279 1093 1333 fruticulosa
1126 1278 1263 1320 Ηανυ.
1296 1278 1321 1319 l.
1344 1292 1374 1319 c.
1397 1282 1433 1319 ct
1469 1276 1639 1330 Pleyeol.

218 1355 354 1394 (lustr.
387 1351 470 1392 tab.
506 1349 602 1390 156!

368 1419 436 1461 Ad
465 1419 631 1460 Novam
662 1417 941 1460 Hollandiani
972 1417 1219 1458 australem,

104 1504 140 1544 2.
176 1503 226 1544 H.
259 1503 605 1544 HALYMENIOIDES
638 1501 792 1552 (Harv.
824 1502 871 1542 in
907 1500 1061 1543 Trans.
1098 1500 1158 1542 Ir.
1194 1499 1329 1542 Aead.
1376 1499 1460 1542 Vol.
1489 1499 1649 1541 XXII

210 1585 258 1624 p.
292 1571 388 1623 555)
419 1569 572 1611 fronde
604 1568 1003 1622 compresso-plana
1036 1569 1216 1610 distiche
1238 1569 1450 1622 pinnatim
1473 1568 1642 1610 decom-

224 1640 376 1692 posita,
410 1639 553 1692 pinnis
591 1638 829 1691 majoribus
870 1637 1115 1691 compositis
1154 1636 1430 1690 pinnulisque
1467 1637 1643 1678 minutis

221 1708 435 1750 subulatis
466 1707 726 1748 intermixtis
758 1720 784 1746 a
814 1706 1007 1757 margine
1047 1705 1367 1758 egredientibus
1397 1705 1643 1758 patentissi-

221 1777 314 1826 mis,
346 1774 566 1817 sterilibus
598 1780 640 1816 et
672 1773 1067 1828 sphaerosporiferis
1109 1773 1199 1814 fere
1231 1772 1492 1826 regulariter
1523 1773 1643 1813 disti-

222 1845 311 1885 chis
342 1844 585 1897 pectinatis,
624 1841 906 1896 capsuligeris
941 1843 1079 1895 magis
1116 1842 1362 1894 compositis
1402 1841 1643 1883 subdivari-

222 1912 342 1962 catis,
377 1910 688 1964 sphaerosporis
720 1909 810 1950 fere
842 1910 885 1950 111
925 1923 1045 1951 soros
1091 1909 1513 1950 subnematheciosos
1559 1910 1644 1949 col-

222 1979 356 2029 lectis,
389 1978 667 2032 cystocarpiis
699 1991 820 2019 secus
851 1978 1067 2030 margines
1091 1976 1320 2029 dispositis.
1354 1976 1490 2018 Harv.
1517 1976 1644 2030 Playc.

223 2050 358 2090 aum.
390 2047 473 2088 mh.
508 2048 572 2088 (37.

376 2116 442 2157 Ad
473 2115 637 2157 Novam
668 2115 945 2157 Hollandiam
977 2114 1297 2156 occidentalem.

202 2185 323 2220 Frons
346 2184 542 2229 juvenilis,
567 2184 606 2217 ni
632 2184 756 2226 fallor,
782 2182 959 2217 radiatim
987 2195 1007 2216 a
1033 2186 1163 2217 centro
1190 2194 1369 2228 expansa,
1395 2182 1519 2217 media
1537 2186 1644 2227 parte

113 2244 378 2286 decumbente,
404 2242 518 2276 ramis
545 2241 798 2276 exterioribus
825 2241 1071 2275 circumcirca
1102 2242 1423 2276 adscendentibus
1450 2241 1645 2275 subincur-

113 2300 225 2335 vatis.
275 2298 442 2333 Laciniae
469 2298 714 2343 principales,
741 2309 823 2341 quae
864 2298 1136 2342 adproximatae
1175 2298 1469 2332 subfiabellatim
1506 2309 1645 2341 expan-

114 2359 269 2401 duntur,
297 2356 437 2391 sensim
463 2367 536 2390 una
562 2366 675 2400 supra
701 2355 857 2389 alteram
897 2355 1156 2389 extenduntur
1182 2357 1219 2388 et
1245 2355 1372 2400 pinnis
1410 2354 1545 2389 eximie
1584 2365 1646 2398 pa-

114 2415 285 2450 tentibus
312 2417 391 2449 tum
418 2413 562 2448 vicinas
589 2415 753 2457 tangunt
779 2415 817 2445 ct
842 2424 923 2446 611111
952 2412 1009 2445 his
1037 2415 1286 2446 concrescunt
1312 2415 1390 2446 tum
1411 2411 1493 2445 aliis
1511 2411 1646 2445 ramel-

114 2473 162 2506 lis
190 2484 272 2507 cum
298 2471 555 2506 inferioribus.
603 2469 774 2504 Frondes
800 2468 998 2503 inferiores
1025 2469 1095 2503 hoc
1120 2470 1230 2504 modo
1248 2468 1459 2503 imbricatae
1481 2468 1647 2502 evadunt

117 2532 156 2563 et
179 2530 219 2563 in
245 2528 461 2574 congeriem
488 2528 551 2562 vix
578 2526 837 2561 extricandam
863 2526 1094 2567 coalescunt,
1115 2525 1373 2570 superioribus
1392 2525 1564 2569 partibus
1584 2523 1648 2557 ad-

117 2586 389 2620 scendentibus
426 2584 590 2619 invicem
626 2583 770 2618 liberis.
825 2582 933 2616 Rami
970 2582 1008 2615 hi
1047 2582 1256 2616 exteriores
1294 2581 1372 2615 fere
1409 2581 1647 2626 Gigartinani

118 2643 234 2677 Teedi
260 2646 325 2677 aut
351 2642 584 2677 subsimilem
615 2641 785 2685 plantam
820 2639 939 2674 forma
976 2638 1159 2683 referunt,
1197 2639 1321 2673 colore
1359 2640 1482 2672 autem
1522 2649 1647 2673 roseo-

119 2710 255 2733 carneo
280 2699 413 2744 planta
438 2697 567 2732 statim
595 2697 853 2743 dignoscatur.

120 2770 156 2807 3.
188 2767 240 2808 H.
273 2780 459 2807 srneiosA
490 2766 645 2819 (Ham).
678 2765 776 2819 Αἶα.
807 2767 941 2807 auser.
974 2778 1058 2806 cxs.
1089 2778 1159 2807 uso
1191 2765 1292 2820 439)
1337 2763 1488 2805 fronde
1534 2777 1646 2804 coni-

233 2835 412 2887 planata
443 2834 622 2876 distiche
650 2833 862 2889 pinnatim
885 2832 1187 2886 decomposita,
1209 2834 1438 2886 pinnarum
1460 2830 1647 2884 pinnulis
