1757 3114
113 112 193 153 (360
758 104 1021 148 CHONDRIEAE.
1380 110 1638 154 Laurencia.

113 222 248 257 stinxit
273 222 441 266 Harvey3
467 222 598 266 ignoto
624 223 746 254 autem
774 219 1032 254 distinctionis
1053 219 1284 263 charactere,
1311 222 1410 256 dixit
1436 225 1557 258 status
1581 223 1638 257 in—

111 279 315 314 termedios
341 282 537 321 utramque
564 276 803 321 conjungere.
839 276 943 320 Quod
969 277 1038 310 hoc
1064 277 1215 321 attinet,
1235 277 1534 314 animadvertere
1560 281 1639 325 pla-

112 340 172 370 cet
197 348 255 370 me
283 335 488 381 specimina
513 333 740 367 intermedia
764 333 868 366 nulla
893 332 1046 366 vidisse.
1104 332 1219 368 Oculo
1246 335 1401 370 adsueto
1423 336 1500 380 jam
1517 336 1638 380 primo

112 394 293 438 adspectu
320 392 621 435 distinguantur,
647 383 920 424 r'amificatione
946 389 984 422 in
1012 390 1053 423 L.
1080 390 1296 425 luxuriante
1333 393 1453 438 magis
1492 394 1637 428 decom-

111 449 492 496 posito-pinnatifida,
520 448 558 481 in
584 448 626 481 L.
654 447 753 481 elata
777 447 896 491 magis
935 446 1338 491 dicliotomo·pi11nata‚
1376 450 1474 483 unde
1511 450 1637 494 pinnae

112 519 295 553 supremae
316 518 414 551 saepe
440 505 479 538 in
505 505 573 538 hac
598 504 816 539 flabellatim
845 503 1064 547 divergunt.
1113 504 1211 537 Nota
1236 507 1360 538 autem
1379 505 1637 541 distinctionis

111 565 301 609 praecipua
324 563 362 596 in
389 561 541 595 rachide
567 561 713 594 inferne
739 563 886 595 costata
911 560 952 593 L.
980 560 1207 594 luxuriantis
1232 561 1357 605 posita
1381 563 1545 596 videtur.
1595 563 1637 596 L.

112 623 213 656 elata
237 621 387 664 quidem
416 618 529 652 etiam
553 617 700 651 inferne
726 617 949 659 incrassata,
968 617 1021 650 ita
1039 620 1081 650 ut
1099 617 1268 652 sectione
1286 619 1534 653 transversali
1555 631 1639 664 seg-

111 683 277 712 mentum
317 676 423 710 ovale
450 678 487 709 et
513 675 661 708 demum
700 673 1136 718 elliptico-rotundatum
1174 674 1321 716 offerat3
1360 676 1476 709 caulis
1514 679 1638 710 autem

111 735 343 768 incrassatus
369 731 479 775 hujus
507 730 751 764 circumcirca
775 730 853 763 fere
880 741 984 773 aequc
1010 730 1185 774 increvit,
1211 731 1310 765 unde
1337 732 1527 766 exsiccata
1557 733 1639 765 nul-

111 792 186 825 lum
212 791 290 824 fere
316 792 430 823 costae
458 789 676 833 adspectum
696 789 882 832 praebeatg
910 798 927 820 e
948 787 1115 822 sectione
1134 789 1383 823 transversali
1409 801 1555 833 quoque
1576 789 1639 823 ad-

110 851 219 893 paret
246 848 389 881 caulem
414 846 632 880 inferiorem
659 845 874 879 evolutione
910 844 1019 878 strati
1052 845 1247 880 interioris
1281 845 1472 891 praecipue
1498 846 1639 879 incras-

111 909 233 939 satum
259 904 396 940 fuisse:
423 903 654 946 cellulasque
682 902 792 936 strati
819 901 1019 936 exterioris
1040 902 1150 936 unica
1169 902 1265 936 serie
1284 903 1507 937 cellularum
1526 903 1639 937 etiam

108 963 147 996 in
171 961 351 995 inferiore
388 962 498 1005 parte
535 959 739 1004 dispositas
778 970 873 992 esse.
922 958 1047 992 Aliter
1084 959 1234 993 omnino
1266 959 1305 993 in
1330 960 1372 993 L.
1400 960 1639 993 luxuriante:

108 1023 216 1063 parte
241 1018 420 1052 inferiore
446 1020 667 1051 transverse
694 1019 810 1059 secta,
838 1016 909 1050 duo
937 1018 1058 1049 strata
1084 1018 1141 1049 sat
1166 1016 1331 1060 diversa,
1358 1017 1466 1051 ambo
1491 1015 1639 1050 cellulis

108 1076 318 1110 numerosis
346 1074 564 1117 constituta,
592 1073 889 1118 conspicianturg
916 1072 954 1106 111
974 1072 1094 1107 limite
1120 1073 1222 1107 inter
1240 1073 1321 1107 haec
1340 1076 1460 1107 strata
1479 1072 1640 1116 cellulae,

110 1145 191 1177 quae
219 1136 431 1167 extrorsum
460 1134 646 1176 spectant,
675 1130 959 1174 subregularem
987 1129 1123 1163 seriem
1150 1130 1427 1164 concentricam
1466 1129 1640 1172 offerunt,

110 1191 259 1235 qualem
285 1190 431 1224 cellulae
459 1189 658 1223 corticales
684 1188 722 1221 in
750 1188 791 1221 L.
820 1188 935 1229 elata3
963 1191 1001 1221 et
1025 1187 1078 1221 ita
1104 1190 1225 1221 totum
1252 1191 1413 1221 stratum
1440 1190 1639 1222 externum

111 1250 150 1283 in
175 1249 218 1282 L.
245 1246 461 1281 luxuriante
489 1246 705 1280 evolutione
733 1245 844 1279 strati
863 1245 1053 1279 corticalis
1072 1248 1196 1280 ortum
1215 1245 1332 1279 fuisse
1351 1244 1429 1278 fere
1449 1245 1638 1279 crederes.

111 1305 236 1339 Caulis
262 1305 389 1347 itaque
416 1304 648 1337 incrassatus
675 1303 714 1336 in
733 1306 891 1345 utraque
913 1302 1037 1346 specie
1056 1301 1208 1336 diverso
1225 1302 1334 1336 modo
1352 1305 1456 1336 ortus
1477 1302 1640 1344 videtur,

110 1363 209 1406 quod
235 1362 315 1396 sine
342 1360 453 1395 dubio
479 1362 615 1405 probat
653 1359 797 1405 species
836 1361 933 1394 bene
972 1359 1141 1393 diversas
1168 1370 1263 1393 esse.
1312 1361 1343 1393 A
1369 1362 1473 1393 costa
1498 1359 1640 1392 incras—

111 1424 192 1454 sata
218 1420 259 1454 L.
286 1419 513 1453 luxuriantis
541 1417 835 1463 prolificationes
862 1417 1023 1459 demum,
1050 1420 1092 1450 ut
1118 1417 1156 1450 in
1183 1416 1225 1450 L.
1252 1415 1526 1461 Brongniartii,
1554 1427 1639 1459 pro-

110 1478 276 1512 veniant.
326 1477 368 1510 L.
395 1475 649 1509 luxuriantem
676 1478 824 1507 tantum
851 1474 1022 1507 sterilem
1053 1473 1245 1517 hucusque
1284 1472 1373 1507 vidi.
1424 1471 1638 1517 Specimina

111 1535 153 1568 L.
180 1533 406 1567 luxuriantis
432 1532 573 1576 majora
600 1534 686 1566 sunt
713 1531 849 1565 eximie
875 1529 1142 1574 caulescentia‚
1168 1529 1283 1564 ramis
1311 1541 1332 1563 a
1361 1530 1466 1563 caule
1492 1540 1638 1574 perme—

112 1595 199 1625 ante
225 1590 459 1625 lateralibus.

112 1685 176 1725 35.
209 1684 255 1724 L.
280 1683 578 1724 BRONGNIARTII
601 1681 662 1735 (J.
685 1681 765 1735 Ay.
792 1681 930 1734 Sgymb.
943 1695 990 1734 p.
1015 1681 1088 1736 20>
1110 1680 1468 1734 purpureo-lutea
1487 1679 1638 1721 fronde

224 1750 496 1804 complanata
526 1749 691 1791 inferne
723 1751 880 1791 sensim
911 1749 1095 1802 ancipite
1128 1750 1387 1799 subcostata,
1411 1752 1529 1790 costa
1550 1747 1638 1788 fere

224 1820 278 1861 ad
310 1819 451 1872 apices
496 1819 726 1872 pinnarum
773 1832 883 1871 saepe
929 1818 1169 1871 conspicua,
1205 1817 1544 1870 subregulariter
1575 1816 1638 1856 (11-

225 1887 359 1928 stiche
391 1891 433 1928 et
463 1888 654 1940 opposite
699 1885 1281 1940 decomposito-pinnatifida,
1329 1886 1583 1938 demumque
1614 1898 1640 1925 a

225 1960 342 1997 costa
373 1955 590 2008 prolifera,
636 1955 823 2008 pinnulis
870 1955 1294 1996 clavato-linearibus
1340 1953 1549 1995 truncatis
1594 1953 1638 1994 in

226 2024 400 2064 racliide
431 2023 642 2076 pinnatim
674 2023 902 2076 dispositis,
926 2022 1315 2076 sphaerosporiferis
1337 2022 1456 2074 apice
1478 2022 1639 2062 incras-

226 2092 341 2141 satis,
373 2090 636 2132 keramidiis.
669 2123 677 2130 .
710 2125 717 2132 .
751 2125 758 2131 .
789 2090 835 2133 J.
868 2090 948 2143 Ay.
983 2090 1054 2143 Sp.
1077 2105 1125 2143 1).
1157 2091 1248 2131 768.

380 2159 487 2200 Hab.
521 2159 576 2199 ad
607 2173 704 2200 oras
735 2160 880 2200 Indiae·
898 2159 1188 2201 occidentalis.

203 2241 274 2275 Est
299 2240 470 2283 quaedam
495 2239 647 2273 habitus
675 2238 880 2273 similitudo
905 2239 1016 2283 hujus
1042 2250 1124 2273 cum
1142 2240 1294 2272 Amans.
1314 2238 1502 2273 multifida
1519 2238 1638 2281 Lam.‚

114 2299 213 2332 unde
239 2309 385 2341 quoque
411 2298 481 2332 hoc
506 2296 655 2331 nomine
682 2299 850 2330 nostram
875 2295 1112 2340 designatam
1139 2295 1229 2330 vidi.
1265 2297 1296 2329 A
1322 2295 1568 2340 sequentibus
1587 2295 1638 2329 fa-

115 2356 223 2390 cilius
251 2355 497 2400 dignoscatur
522 2354 705 2399 pinnulis‚
732 2365 814 2397 quae
842 2365 907 2387 sua
931 2353 1170 2399 longitudine
1202 2353 1446 2388 latitudinem
1471 2353 1638 2388 rachidis

115 2413 316 2447 evidenter
343 2414 536 2457 superant.

115 2527 369 2552 ***³s<******
403 2527 572 2571 Fronde
617 2527 886 2579 complanata
921 2528 1074 2580 pinnis
1104 2541 1132 2568 a
1161 2528 1352 2580 maryine
1396 2527 1638 2569 exeuntibus

223 2595 322 2647 plus
352 2596 492 2636 minus
526 2596 817 2648 decowzpositffl
848 2595 1010 2636 ultimis
1041 2595 1366 2649 dentzformz'bus
1396 2609 1476 2637 sua
1508 2596 1637 2647 lon-qo·-

228 2664 370 2705 nucleae
401 2663 666 2705 latitudinem
695 2663 886 2704 mehefde's
915 2664 986 2704 vix
1017 2663 1291 2715 (efflantibus.

118 2756 183 2795 3ss.
218 2755 261 2795 L.
294 2768 520 2795 CEYLANIOA
552 2754 618 2809 (J.
652 2754 732 2807 Ay.
764 2756 907 2810 mser.)
938 2768 1265 2807 purpurascens,
1300 2753 1450 2794 fronde
1493 2767 1667 2803 crassa‘

229 2821 502 2875 complanata
547 2822 711 2863 inferne
743 2826 933 2863 ecostata
978 2822 1157 2863 distiche
1202 2823 1393 2874 pinnata,
1439 2821 1580 2873 pinnis
1612 2835 1638 2862 a
