1757 3114
117 129 195 170 692

118 242 282 275 videtur.
333 239 576 285 Cystocarpia
601 250 700 283 saepe
726 239 837 283 plura
861 237 1122 282 adproximata
1145 236 1271 271 frondi
1296 236 1474 271 immersa
1505 239 1570 270 aut
1594 235 1646 269 le-

118 298 216 332 viter
243 310 355 342 supra
379 297 556 343 paginam
582 295 813 341 prominula3
840 294 1116 339 pericarpicum
1153 296 1292 327 tectum
1334 304 1447 338 supra
1471 292 1646 326 nucleum

116 356 310 400 paulisper
336 356 536 395 elevatum,
564 353 710 387 cellulis
739 353 850 387 strati
882 351 1102 386 intermedii
1133 362 1266 395 parum
1292 350 1583 385 distantioribus
1609 353 1648 383 et

117 412 484 447 anastomosantibus
512 413 624 454 atque
651 410 842 454 praecipue
869 408 1017 443 cellulis
1051 408 1161 442 strati
1194 408 1385 443 corticalis
1411 408 1451 442 in
1476 407 1540 441 fila
1565 418 1646 441 ver·
1697 426 1699 430 ‚

117 470 247 504 ticalia
271 469 444 514 longiora
469 472 507 502 et
534 467 773 501 evidentiora
799 465 961 501 evolutis
988 469 1154 508 constat:
1182 465 1304 500 canali
1330 466 1498 500 evidenti
1517 477 1646 509 carpo-

118 527 293 561 stomium
320 527 468 560 demum
495 524 538 558 fit
564 528 747 569 apertum.
798 524 883 568 Ipse
920 524 1077 557 nucleus
1114 523 1294 567 globosus
1333 522 1501 567 cingitur
1527 525 1647 556 strato

117 582 446 618 circum-nucleari
474 585 532 615 sat
551 581 764 625 conspicuo,
784 580 858 614 filis
878 580 991 614 strati
1010 579 1231 613 medullaris
1250 582 1447 621 context03
1466 579 1505 612 in
1523 579 1648 613 medio

117 641 250 674 nucleo
276 640 442 673 dissecto
481 638 628 672 cellulae
668 637 838 681 quaedam
876 637 1037 681 majores
1075 636 1256 670 obvenire
1294 636 1530 679 viderentur,
1556 646 1647 679 quas

118 708 206 731 vero
234 696 437 739 adparatus
464 694 694 738 placentaris
721 694 858 728 ramosi
885 696 1014 737 partes
1041 696 1151 737 put05
1183 693 1240 727 hae
1268 695 1484 727 extrorsum
1509 691 1650 726 sensim

117 755 257 787 abeunt
282 752 319 786 in
346 752 502 786 cellulas
530 751 736 790 tenuiores,
776 750 990 784 evidentius
1029 761 1196 784 ramosas
1234 753 1272 784 et
1310 752 1648 791 anastomosantes,

116 811 311 845 breviores
339 813 402 844 aut
428 811 540 855 longe
567 809 764 844 caudatos:
791 820 872 852 quae
900 819 1030 842 omnes
1056 808 1203 842 cellulae
1236 808 1450 852 placentam
1487 806 1650 841 validam

117 868 339 910 centralem,
376 866 451 900 filis
489 866 699 900 articulatis
726 865 957 909 (cellulisve)
984 865 1158 909 plurimis
1186 876 1206 898 a
1231 867 1363 899 centro
1394 863 1650 908 peripheriam

118 936 250 959 versus
276 924 514 959 radiantibus
541 923 800 965 constitutam,
828 922 1060 966 conjunctim
1087 922 1261 965 efficiant,
1289 922 1377 956 dum
1409 921 1650 967 peripherica

116 993 202 1026 pars
240 980 427 1025 placentae
466 979 540 1013 filis
578 978 867 1024 gemmidiiferis
905 978 1068 1022 propriis
1102 977 1361 1012 constituitur.
1410 977 1558 1012 Praeter
1588 976 1652 1011 fila

117 1036 394 1083 gemmidiifera
420 1047 440 1070 a
464 1035 681 1081 peripheria
707 1036 891 1079 placentae
919 1035 983 1069 fila
1008 1035 1156 1069 sterilia
1181 1037 1402 1078 excurrunt,
1428 1034 1563 1078 quibus
1584 1046 1651 1068 nu-

116 1095 219 1128 cleus
244 1105 403 1138 magnus
441 1093 543 1127 intra
580 1095 740 1126 stratum
767 1092 1105 1126 circum-nucleare
1143 1103 1347 1137 suspensus
1378 1095 1517 1126 manet.
1565 1092 1651 1136 Ipsa

116 1151 180 1185 fila
205 1150 483 1196 gemmidiifera
509 1161 529 1183 a
555 1149 773 1194 peripheria
809 1149 1054 1184 circumcirca
1090 1150 1301 1185 directione
1339 1149 1435 1184 radii
1461 1150 1650 1193 exeuntia,

115 1208 443 1243 intercedentibus
471 1207 544 1241 filis
572 1206 767 1241 sterilibus
787 1207 892 1250 quasi
912 1206 950 1240 in
968 1207 1160 1242 nucleolos
1181 1211 1371 1252 separata;
1398 1209 1486 1242 sunt
1503 1206 1650 1241 inferne

115 1276 263 1299 ramosa
288 1268 326 1299 et
350 1264 598 1298 fasciculatim
626 1264 665 1297 in
692 1264 884 1298 nucleolos
911 1264 1089 1305 collecta3
1116 1264 1258 1309 singuli
1276 1265 1369 1298 rami
1389 1275 1551 1309 superne
1577 1264 1650 1298 cla-

116 1322 193 1356 vati
220 1325 258 1356 et
285 1322 498 1356 evidentius
526 1321 731 1355 articulati.
759 1321 919 1356 articulo
945 1321 1139 1355 terminali
1172 1323 1332 1357 obovato
1357 1321 1551 1366 paulisper
1576 1332 1650 1355 ma-

109 1379 207 1423 jore.
256 1379 334 1413 Hoc
363 1378 485 1413 stadio
510 1378 574 1412 fila
599 1378 879 1424 gemmidiifera
903 1379 1037 1413 iisdem
1071 1379 1288 1414 Gracilariae
1322 1380 1519 1415 admodum
1547 1379 1649 1413 simi-

113 1436 183 1478 lia;
210 1439 248 1470 at
273 1436 333 1470 hic
360 1435 440 1469 illic
466 1436 646 1470 articulos
685 1435 905 1470 terminales
944 1436 1159 1471 subdivisos
1186 1437 1316 1471 videre
1354 1435 1512 1479 credidi,
1538 1439 1579 1470 ut
1604 1435 1650 1470 de

116 1493 199 1527 aliis
227 1492 539 1537 Thysanocladiae
568 1492 764 1536 speciebus
792 1504 906 1537 supra
931 1504 1077 1537 quoque
1103 1492 1319 1528 memoravi.

205 1551 299 1586 Tota
330 1550 400 1584 hac
437 1549 695 1594 descriptione
733 1561 816 1584 cum
855 1552 1048 1584 structura
1087 1549 1397 1594 Thysanocladiae
1435 1551 1651 1594 comparata

114 1610 222 1652 patet
249 1618 429 1640 summam
457 1617 539 1640 esse
575 1606 862 1640 similitudinem
896 1607 1060 1651 partium
1087 1611 1126 1641 et
1151 1607 1256 1641 nullo
1280 1607 1359 1641 fere
1391 1610 1569 1651 respectu
1596 1606 1650 1640 di-

114 1675 273 1698 versam.
309 1663 374 1698 Sin
399 1663 454 1697 ita
478 1662 658 1697 Prionitis
687 1663 862 1698 Colensoi
888 1663 939 1698 sit
965 1663 1274 1708 Thysanocladiae
1309 1663 1471 1709 species,
1496 1673 1649 1698 monere

114 1721 206 1755 licet
232 1721 516 1765 sphaerosporas
554 1719 878 1764 Thysanocladiae‚
917 1732 998 1764 quae
1037 1720 1077 1755 in
1113 1720 1197 1756 aliis
1236 1719 1434 1766 speciebus
1483 1720 1650 1756 nondum

114 1780 324 1813 observatae
351 1778 520 1821 fuerunt,
546 1778 620 1812 fide
648 1777 716 1812 Th.
746 1778 921 1813 Colensoi
947 1790 1030 1813 esse
1055 1778 1220 1814 zonatim
1245 1779 1400 1822 divisas,
1429 1789 1502 1813 sec.
1522 1779 1649 1813 obser-

114 1835 285 1870 vationes
315 1846 430 1880 supra
450 1834 528 1879 jam
554 1846 574 1868 a
599 1845 658 1868 me
685 1834 834 1869 allatas.

113 1955 208 1995 pag.
240 1942 314 1983 311
349 1942 566 1983 inseratur
587 1946 635 1983 ut
657 1942 801 1984 Genus
823 1955 990 1995 novum,
1014 1941 1357 1997 Hymenocladiae
1388 1942 1648 1995 proximum:

116 2058 325 2099 ABROTEIA
360 2057 496 2100 Harv.
528 2072 649 2100 mser.
682 2060 727 2100 in
761 2059 829 2100 H.
866 2059 971 2101 Nov.
1004 2059 1089 2101 Zez.
1116 2073 1161 2112 p.
1194 2060 1285 2100 242.

117 2161 251 2203 Frons
290 2162 619 2203 membranacea
658 2162 791 2215 plana
828 2163 1001 2216 (parum
1038 2163 1192 2218 divisa)
1229 2162 1394 2204 cellulis
1432 2163 1648 2218 angulatis

229 2230 412 2271 binatim
438 2230 611 2284 junctis,
646 2229 910 2283 subsimplici
942 2231 1050 2272 serie
1081 2231 1124 2272 in
1155 2231 1306 2273 fronde
1338 2230 1473 2273 sterili
1505 2232 1647 2286 dispo-

229 2298 334 2346 sitis,
367 2298 572 2340 areolata.
637 2297 917 2352 Cystocarpia
963 2299 1079 2340 intra
1122 2299 1319 2342 frondem
1363 2299 1561 2352 formata,
1603 2305 1649 2343 at

229 2367 535 2420 sub-utrinque
574 2366 827 2419 prominula,
867 2366 983 2408 intra
1022 2368 1312 2421 pericarpium
1351 2368 1647 2422 depresso-he-

229 2434 558 2487 misphaericum,
592 2435 877 2487 carpostomio
908 2435 1134 2483 munitum,
1173 2436 1372 2478 nucleum
1411 2436 1647 2491 simplicem

229 2503 509 2543 rotundatum
542 2506 584 2543 et
621 2501 813 2544 lobatum
853 2503 1056 2553 foventia3
1095 2503 1271 2547 nucleus
1307 2506 1425 2547 intra
1458 2506 1647 2559 pericar-

229 2571 348 2624 pium
379 2571 671 2621 nudiusculus,
705 2571 832 2625 plano
862 2572 997 2614 basali
1028 2573 1263 2628 impositus,
1297 2575 1646 2628 hemisphaericus

230 2639 312 2680 filis
343 2638 665 2692 placentaribus
696 2640 861 2683 inferne
890 2641 1139 2684 incrassatis
1171 2643 1436 2694 dichotomis,
1477 2658 1647 2686 sursum

231 2708 387 2748 sensim
432 2708 742 2750 ramosioribus
788 2709 831 2750 in
870 2710 990 2751 lobos
1036 2725 1380 2764 quoquoversum
1426 2712 1646 2753 radiantes

231 2776 497 2825 abeuntibus,
543 2779 820 2828 constitutus3
867 2778 953 2821 lobi
997 2784 1269 2834 praegnantes
1307 2780 1645 2822 obovato-conici

230 2845 346 2887 intra
377 2844 580 2887 articulos
611 2847 853 2901 superiores
884 2847 1054 2890 filorum
1075 2848 1394 2903 praegnantium
1415 2848 1645 2904 gemmidia
