1757 3114
278 110 286 131 Ι

95 153 369 197 Galaxaura.
639 153 910 194 HELMINTHOC
917 164 1136 192 LADIAcfflt.
1544 151 1624 191 525

89 266 290 320 juvenilis
323 270 365 308 et
396 266 585 307 adultior
616 265 734 308 frons
765 266 894 308 dense
917 265 1083 315 villosa;
1116 263 1198 305 filis
1221 263 1625 305 callithamnioideis

94 350 213 379 nunc.
234 337 358 390 juxta
388 336 536 377 basem
568 337 778 390 abruptis,
809 335 926 377 frons
958 333 1151 387 reliquiis
1189 334 1371 383 filorum,
1403 332 1445 373 in
1477 346 1626 385 super-

93 403 188 445 ficie
220 403 336 445 calce
367 404 606 445 incrustata
637 403 868 446 admodum
899 402 1151 455 conspicuis,
1175 402 1299 455 quasi
1319 403 1528 454 punctata
1549 400 1625 440 ad-

93 476 219 525 paret
229 490 240 523 3
270 472 466 526 reliquiis
497 473 562 513 his
593 486 763 527 quoque
794 470 970 520 derasis,
1004 470 1250 523 superficies
1282 483 1393 511 nunc
1425 468 1625 523 pulveru-

93 541 211 582 lenta
240 542 546 594 conspiciatur3
580 555 733 583 nomen
763 540 1093 582 Dichotomariae
1125 539 1224 581 huic
1256 539 1433 581 sectioni
1453 538 1624 579 retinui.

206 610 256 650 In
287 610 466 651 diversis
498 611 718 663 speciebus
751 612 961 663 praeterea
989 607 1108 648 frons
1132 607 1226 660 plus
1249 608 1389 648 minus
1411 606 1626 648 stricturis

94 677 406 732 adproximatis
452 678 661 719 annulata
705 678 906 719 cernitur.
967 676 1187 726 Quomodo
1233 678 1431 718 oriuntur
1463 675 1625 721 annuli.

92 748 197 789 mihi
226 747 358 794 latet2·
385 747 638 789 evolutionis
676 747 897 801 cujusdam
938 745 1104 786 alterne
1143 746 1460 799 progredientis
1490 748 1533 786 et
1561 745 1623 785 in-

92 819 298 869 terruptae
329 815 449 856 nulla
478 815 564 856 vidi
596 816 765 857 indicia.
825 815 889 857 Ex
920 814 1199 867 dispositione
1236 815 1278 854 in
1317 814 1452 855 lineas
1482 817 1624 854 trans-

91 883 277 924 versales
316 882 692 937 Cystocarpiorum
729 883 927 937 pendere,
958 881 1196 923 enuntiavit
1226 881 1476 932 Zanardini3
1509 881 1623 935 quod

90 965 188 993 vere
219 966 274 993 an
300 952 398 1005 jure
430 951 698 993 contenderit
742 952 845 993 mihi
891 950 1174 991 dubit-andum
1206 950 1386 1000 videtur,
1417 964 1547 1003 quum
1581 950 1623 990 in

92 1020 288 1073 partibus
321 1024 388 1061 sat
413 1019 676 1073 juvenilibus
699 1019 846 1060 annuli
863 1019 950 1073 jam
974 1018 1305 1071 conspiciantur.
1346 1016 1624 1072 Cystocarpia

89 1092 232 1130 tamen
265 1089 307 1129 in
339 1088 474 1129 lineas
505 1088 817 1130 transversales
855 1087 1061 1140 disposita
1106 1100 1210 1137 esse,
1256 1087 1512 1128 auctoritate
1543 1085 1621 1127 Za-

90 1157 277 1199 nardinii
308 1157 501 1199 assumsi.

90 1264 109 1284 ³²
141 1263 341 1304 ALYsIUM.
377 1263 518 1305 Frons
550 1263 719 1317 iwferne
748 1276 857 1304 nunc
880 1261 1046 1314 lonyz'us
1066 1260 1234 1311 villosa,
1256 1258 1502 1301 membrana
1525 1258 1623 1300 sub-

192 1333 361 1386 jacente
405 1333 658 1383 incrustata,
703 1333 862 1384 saepius
903 1330 1116 1383 [slawata.
1156 1327 1544 1381 prozvjfieatiomb‘us
1579 1330 1626 1368 ut

193 1400 433 1453 pluriumve
459 1401 700 1453 yemarent&
730 1413 841 1441 nune
869 1397 1242 1447 mmnerosiorz'bus,
1272 1398 1521 1441 increscens.
1551 1409 1623 1435 m·-

203 1469 393 1519 tieulata,
440 1469 636 1511 areimis
682 1468 905 1509 sessilibus
935 1480 1044 1509 manc
1075 1467 1240 1508 demum
1270 1463 1622 1517 subpecle'eellataets.

92 1576 125 1615 1.
157 1573 206 1615 G.
237 1587 443 1614 OBTUSATA
474 1572 666 1624 (Soland.
697 1573 744 1614 in
775 1571 894 1613 Ellis
925 1585 972 1623 p.
1007 1570 1106 1626 113)
1145 1569 1297 1611 fronde
1329 1568 1623 1610 submembra-

202 1655 334 1683 nacea
365 1656 516 1695 parum
550 1641 790 1682 incrustata
821 1638 1164 1693 subregulariter
1194 1637 1441 1679 dichotoma
1462 1637 1622 1677 articu-

202 1710 305 1759 lata,
338 1709 532 1751 articulis
565 1709 757 1750 ovalibus
796 1708 1041 1760 oblongisve
1073 1706 1127 1747 ad
1160 1706 1359 1760 genicula
1403 1705 1622 1747 evidenter

201 1779 445 1829 contractis,
493 1777 704 1819 diametro
757 1776 940 1830 2—4p10
996 1775 1276 1828 longioribus„
1323 1774 1621 1816 terminalibus

201 1848 319 1901 apice
351 1847 607 1889 rotundatis.

87 1955 127 1981 α.
165 1940 439 1992 Οραηύἱοὶάσε
471 1938 665 1980 articulis
698 1938 890 1979 ovalibus
918 1937 1122 1991 utrinque
1144 1936 1401 1987 rotundatis,
1425 1936 1621 1990 plurimis

199 2009 410 2050 diametro
442 2008 571 2062 duplo
602 2008 880 2061 longioribus.
915 2007 1070 2049 Corall.
1102 2007 1297 2049 obtusam
1330 2006 1413 2049 Sol.
1436 2007 1482 2048 ‘m
1504 2005 1622 2047 Ellis

200 2078 282 2119 tab.
329 2078 380 2118 22
415 2077 491 2131 fig).
537 2078 574 2118 ⁶2.
621 2076 779 2118 Galam.
827 2076 1026 2118 obtusam
1074 2075 1205 2117 Kv‘itz.
1237 2075 1318 2117 tab.
1356 2074 1489 2128 Plzyc.
1533 2074 1620 2116 Vol.

212 2147 340 2190 VIII
366 2147 435 2188 tab
467 2147 532 2188 35.

84 2242 125 2291 β.
157 2238 379 2291 omonyma
411 2237 603 2280 articulis
635 2238 830 2291 oblongis
852 2238 1018 2280 inferne
1040 2252 1152 2292 saepe
1174 2238 1397 2286 truncatis.
1421 2237 1619 2291 plurimis

200 2307 409 2349 diametro
441 2306 695 2361 3plo-4plo
728 2307 1004 2362 longioribus.
1054 2307 1209 2349 Corall.
1250 2306 1472 2359 omonyma
1504 2305 1620 2347 Ellis

201 2376 281 2418 tab.
314 2377 365 2416 2?
386 2376 462 2429 fig).
488 2377 521 2416 1.
555 2375 607 2417 G.
630 2376 827 2418 obtusam
852 2376 1054 2418 Lamour.
1078 2375 1256 2428 Histp.
1279 2376 1358 2415 262
1378 2375 1458 2428 fid.
1492 2374 1626 2426 spem!

201 2443 418 2486 Decaisne
451 2442 542 2485 Cor.
567 2458 615 2496 p.
650 2444 741 2485 103.
774 2443 974 2497 Alysimn
1009 2443 1224 2496 Holtz'ngsiz'
1254 2443 1334 2497 Ay.
1369 2442 1479 2496 Syst.

199 2513 309 2555 Hab.
340 2513 384 2553 in
415 2526 573 2554 oceano
618 2513 821 2555 calidiore
853 2513 1056 2555 atlantico
1089 2513 1144 2554 ad
1174 2511 1321 2554 littora
1352 2510 1545 2553 Brasiliae
1577 2514 1618 2553 et

350 2581 512 2622 insulas
544 2581 676 2623 Indiae
708 2582 997 2624 occidentalis.

175 2662 234 2697 Me
257 2661 385 2706 judice
412 2660 558 2705 species
584 2662 774 2706 proximas
801 2662 875 2697 alio
901 2662 1010 2697 modo
1036 2661 1317 2695 intellexerunt
1335 2659 1411 2693 alii.
1446 2658 1489 2694 G.
1509 2659 1618 2694 obtu-

87 2726 168 2755 sata
192 2720 318 2754 Ellisii
346 2719 408 2753 vix
433 2718 525 2752 inihi
552 2719 682 2753 eadem
720 2720 884 2763 videtur,
922 2731 1032 2763 quam
1059 2719 1127 2753 sub
1154 2717 1285 2751 codem
1311 2716 1461 2751 nomine
1488 2716 1618 2751 distri-

85 2778 168 2812 buit
181 2778 430 2811 Lamouroux.
458 2776 500 2810 G.
516 2777 728 2811 obtusatam
747 2776 1013 2812 Lamourouxii
1030 2787 1156 2810 veram
1175 2774 1217 2808 G.
1233 2774 1473 2818 oblongatam
1492 2774 1619 2809 Ellisii

87 2836 224 2869 sistere
251 2837 438 2879 putarem,
465 2833 646 2867 suadente
678 2833 799 2877 icone,
838 2845 961 2877 quani,
988 2832 1113 2866 nescio
1139 2842 1211 2874 qua
1236 2828 1396 2875 ratione,
1422 2831 1617 2866 redactam

87 2890 384 2936 (magnitudine)
412 2890 522 2924 finxit
548 2890 742 2925 Decaisnc.
792 2890 834 2925 G.
863 2891 1066 2934 oblongata
1097 2889 1245 2923 Deo-<ne
1277 2891 1336 2923 est
1368 2888 1514 2933 species
1540 2901 1614 2925 ma-
