1762 3036
82 110 395 166 Cryptonernia.
664 105 1060 148 CRYPTONEMIACEAE.
1537 109 1556 148 1
1564 108 1612 148 61

81 222 325 274 ambientia,
356 221 468 262 inter
500 220 721 274 regionem
752 219 972 274 quandam
1003 219 1379 273 subplacentarem
1401 224 1444 261 et
1464 234 1616 275 carpo-

81 291 279 334 stonn'um
308 302 455 330 versus
487 293 665 330 extensa
694 289 865 330 adsunt.

192 358 335 400 Genus
365 357 409 397 in
441 370 521 398 sua
559 357 669 398 serie
718 356 1036 411 quodammodo
1081 370 1342 410 supremum,
1389 356 1557 399 caulem
1592 371 1618 398 a

81 427 180 470 folio
209 426 253 467 in
283 424 502 466 nonnullis
534 425 756 478 speciebus
796 438 1014 478 separanS,
1056 424 1222 466 fructus
1253 426 1298 466 in
1327 425 1487 480 phyllis
1518 439 1617 479 pro-

80 496 183 551 priis
213 497 289 535 aut
308 492 401 535 loco
423 493 599 535 definito
621 494 829 544 evolvens,
853 496 895 534 et
916 493 1195 547 cystocarpiis
1217 494 1261 534 111
1282 493 1521 536 alterutera
1541 507 1617 547 pa-

80 566 179 618 gina
207 564 477 617 prominulis,
502 564 627 618 quasi
649 564 765 605 intra
795 563 1088 616 pericarpium
1121 563 1323 616 exceptis,
1346 563 1524 617 reliquis
1547 576 1618 616 ge-

79 632 252 675 neribus
284 630 698 687 Cryptonemearum
729 631 975 686 perfectius,
1007 630 1311 686 Phyllophorae
1342 633 1530 686 quodam
1551 646 1618 674 re-

81 705 228 756 spectu
258 701 502 755 analogum,
536 702 606 743 vix
636 701 774 743 affine.
816 701 912 743 Fila
942 701 1153 743 interiora
1183 700 1351 744 laxiora
1380 703 1425 744 111
1449 703 1618 756 juveni-

79 771 203 822 libus,
237 770 439 812 densiora
470 774 512 812 et
542 772 672 813 immo
711 771 966 812 densissima
996 771 1041 811 in
1072 771 1364 814 adultioribus
1395 772 1617 826 partibus3

76 843 259 881 stratum
292 839 506 891 corticale,
540 839 628 881 fere
661 840 810 882 eodem
841 840 967 882 modo
1000 840 1228 892 diversum,
1261 844 1432 882 constat
1451 841 1496 882 in
1517 855 1618 895 par-

75 907 192 950 tibus
234 908 497 962 juvenilibus
544 908 627 949 filis
667 908 756 950 fere
787 908 1146 951 moniliformibus
1178 913 1223 950 at
1255 909 1543 961 abbreviatis3
1576 911 1620 951 in

74 977 363 1019 adultioribus
394 977 467 1019 fila
498 977 541 1019 in
573 977 751 1019 cellulas
791 978 966 1020 densius
1005 979 1255 1033 conjunctas
1294 982 1536 1031 mutantur3
1575 979 1620 1021 in

75 1045 461 1100 sphaerosporifera
505 1050 630 1100 parte
675 1050 863 1088 stratum
917 1047 1119 1089 corticale
1166 1047 1257 1089 fere
1303 1047 1620 1091 nematheciose

73 1115 291 1157 evolutum
323 1119 406 1167 est3
454 1116 570 1158 intra
615 1120 801 1158 stratum
848 1117 1051 1159 corticale
1087 1117 1393 1159 intermedium
1433 1121 1619 1160 stratum

75 1183 392 1238 quodammodo
423 1184 558 1237 adest,
591 1185 636 1226 in
667 1187 862 1239 partibus
904 1186 1167 1241 juvenilibus
1212 1187 1281 1229 vix
1328 1188 1618 1241 conspicuum,

73 1252 188 1294 infra
218 1267 337 1295 soros
370 1257 417 1295 ut
454 1252 528 1296 fila
565 1255 935 1297 anastomosantia
965 1256 1157 1307 obviumg
1189 1255 1232 1296 in
1264 1256 1463 1310 partibus
1496 1256 1620 1299 adul-

76 1321 261 1364 tioribus
293 1320 459 1364 cellulae
492 1322 617 1364 strati
649 1322 867 1365 corticalis
898 1324 1127 1366 interiores
1159 1324 1344 1379 majores
1376 1325 1620 1367 rotundatae

76 1394 195 1433 arcte
227 1390 552 1445 adproximatae,
586 1407 698 1434 1111110
731 1393 855 1447 quasi
886 1394 1121 1447 granuloso
1154 1398 1359 1436 contentu
1397 1395 1621 1437 instructae

74 1463 116 1501 et
146 1460 226 1502 hoc
258 1461 397 1503 stadio
429 1461 662 1503 admodum
694 1463 945 1516 conspicuae,
994 1464 1119 1517 quasi
1166 1467 1351 1506 stratum
1396 1465 1620 1519 proprium

74 1528 317 1572 efficientes.
378 1529 443 1572 Sit
472 1534 520 1572 ut
550 1531 596 1572 in
628 1531 807 1574 diversis
839 1532 1064 1586 speciebus
1097 1532 1162 1575 hae
1201 1533 1476 1576 diversitates
1522 1533 1620 1588 plus

73 1598 215 1639 minus
247 1599 581 1652 conspiciantur.

186 1666 469 1723 Cystocarpia
499 1668 543 1710 in
574 1669 844 1722 paucissimis
886 1671 1108 1724 speciebus
1149 1670 1277 1713 hodie
1315 1675 1487 1714 tantum
1518 1686 1620 1726 cog-

72 1736 175 1787 nita,
208 1736 289 1778 hoc
320 1737 413 1779 loco
445 1737 666 1791 descripta
697 1738 845 1792 qualia
876 1739 918 1779 in
951 1739 1138 1782 sectione
1170 1738 1484 1795 Cryptonemiae
1507 1741 1620 1784 mihi

70 1807 344 1848 obvenerunt.
405 1806 441 1847 E
473 1807 660 1849 sectione
693 1807 913 1849 Acrodisci
952 1808 1117 1850 nullam
1158 1809 1342 1863 speciem
1383 1810 1621 1864 capsulise-

72 1887 165 1915 ram
196 1875 296 1916 vidi.
339 1874 495 1924 Unam,
542 1874 612 1918 Cr.
658 1875 1006 1931 phyllophoram,
1038 1877 1345 1932 capsuliferam
1376 1879 1484 1920 vidit
1503 1879 1617 1922 Har-

68 1955 146 1996 vey
177 1942 333 1997 (Phyc.
367 1942 492 1985 Aust.
525 1943 608 1985 tab.
648 1944 764 1999 283).
824 1944 891 1987 Ex
935 1945 1056 1987 icone
1100 1945 1206 1987 data
1258 1948 1529 2001 cystocarpia
1573 1949 1618 1990 111

70 2009 228 2054 lacinia
270 2011 491 2054 terminali
536 2014 781 2055 incrassata
826 2028 1057 2057 numerosa
1102 2019 1306 2069 congesta
1351 2016 1619 2068 obvenirent,

71 2080 185 2134 quod
231 2095 331 2123 vero
361 2085 509 2123 utrum
554 2086 705 2136 typum
736 2083 997 2136 genericum,
1039 2098 1094 2126 an
1124 2088 1296 2127 tantum
1331 2086 1488 2138 speciei
1518 2100 1619 2140 pro-

70 2149 214 2203 prium
244 2150 470 2201 indicaret,
501 2165 587 2193 non
619 2151 770 2206 liquet.
1330 2143 1332 2145 V

22 2277 27 2282 ”
73 2275 103 2317 Ι.
136 2276 408 2318 Acnooiscus.
458 2277 628 2320 Fronde
674 2281 899 2332 seyrnentis
943 2280 1213 2333 reyularibus
1259 2281 1498 2324 diclzotoma
1544 2285 1619 2322 aut

185 2345 442 2397 adparenter
479 2347 763 2401 pinnatffida,
796 2363 823 2390 α
860 2350 1053 2402 maryine
1089 2349 1478 2404 prolfficanomhus
1523 2363 1616 2392 con-

176 2413 398 2467 formibus
427 2427 538 2456 nunc
566 2416 808 2467 instruam
829 2416 1231 2472 sphoerosporiferis
1262 2419 1375 2460 soris
1404 2418 1615 2460 nemathe-

186 2483 329 2532 crosis,
359 2483 604 2525 rotundatis
635 2488 711 2526 aut
740 2487 880 2539 nzayz‘s
912 2486 1133 2540 ezouyatzs,
1164 2487 1616 2540 intratamaryinalz'lms,

184 2551 230 2593 in
260 2552 484 2604 seymentis
514 2553 812 2596 terminalibus
824 2553 1041 2608 phyllisve
1053 2555 1402 2609 promeantibus
1424 2555 1614 2598 evolutis.

458 2669 478 2689 ’¹‘
514 2669 685 2712 Fronde
706 2670 806 2724 fere
837 2673 1006 2714 omnino
1038 2674 1235 2713 ecostata.

77 2772 112 2814 1.
143 2770 214 2813 CR.
247 2784 486 2814 DICHOTOMA
515 2770 583 2826 (J.
616 2773 699 2827 Ay.
738 2774 837 2828 Azy.
869 2775 974 2817 med.
996 2788 1043 2827 p.
1078 2775 1180 2830 100)
1228 2773 1474 2817 subacaulis
1521 2789 1613 2818 eco—

187 2843 315 2892 stata,
347 2838 501 2882 fronde
531 2842 893 2885 cuneata-lineari
924 2842 1182 2895 dichotoma,
1216 2843 1447 2897 segmentis
1479 2842 1612 2887 linea-

1436 2913 1476 2945 11
