1757 3114
104 142 184 182 664
700 114 704 119 ·
732 142 996 185 CHONDRIEAE.
1312 146 1630 201 Cladhymenia.

216 256 402 309 planatis
434 256 943 308 lanceolato-linearibus,
974 258 1017 297 in
1049 259 1211 311 apicem
1244 260 1632 314 supereminentem

220 338 330 378 saepe
362 325 603 366 filiformem
625 325 966 367 obtusiusculum
986 326 1224 368 lateraliter
1246 342 1519 370 verrucosum
1542 327 1631 381 ple-

218 408 398 447 rumque
429 394 660 447 productis,
693 395 832 447 pinnis
855 394 1126 448 pinnulisque
1149 396 1450 446 conformibus,
1473 410 1632 450 appen-

217 462 382 503 dicibus
433 463 743 516 marginalibus
789 463 1021 504 fructiferis
1061 478 1187 517 parce
1218 466 1412 515 ramosis,
1445 466 1632 519 sphaero-

218 530 434 583 sporiferis
453 532 722 579 subclavatis,
741 532 1013 573 ”keramidiis
1032 532 1470 587 elliptico-oblongis.'’
1496 533 1632 575 Harv.

223 600 322 640 Ner.
354 602 487 640 (castr.
510 614 554 652 2).
589 601 637 640 87
672 601 754 641 tab.
793 600 1038 642 XXXIII.

218 667 326 708 Hab.
358 667 412 707 ad
443 681 542 708 oras
581 667 708 710 Novae
740 668 972 719 Zelandiae3
1005 668 1058 710 ad
1091 669 1180 723 Bay
1211 669 1256 711 of
1283 669 1469 711 Islands:
1503 669 1634 723 Berg-

369 734 493 787 gren!

197 814 394 858 Specimen
421 814 681 849 authenticum
708 816 851 849 nullum
879 816 968 850 vidi.
1005 815 1069 850 Sin
1096 817 1140 851 de
1169 818 1293 861 specie
1315 829 1359 852 ex
1379 818 1635 863 descriptione

107 874 145 905 et
169 872 276 906 icone
302 871 375 905 rite
397 872 537 915 judico,
566 876 625 906 est
649 873 781 917 planta
806 874 851 907 ad
878 885 960 908 oras
987 874 1031 908 N.
1059 875 1250 909 Zelandiae
1278 875 1377 909 haud
1402 875 1636 919 infrequens,

105 930 209 963 inter
235 929 326 963 alias
353 929 548 963 Florideas
576 942 675 974 saepe
702 930 881 965 intricata
907 934 944 965 et
972 932 1244 976 appendicibus
1277 932 1515 967 filiformibus
1554 945 1637 967 ver-

108 986 249 1021 rucosis
271 986 485 1030 adhaerens,
504 986 748 1030 fragilissima
770 991 807 1021 et
825 988 950 1022 colore
969 988 1116 1022 facilius
1136 989 1175 1022 in
1194 989 1345 1023 sordide
1363 989 1638 1023 fuscesccntcm

110 1045 283 1078 abeunte.
334 1044 363 1076 A
390 1043 505 1087 plexu
531 1043 668 1077 fibroso
695 1044 845 1077 frondes
874 1043 1033 1089 singula³
1062 1045 1243 1088 eminent,
1272 1046 1409 1089 saepius
1429 1046 1512 1079 2-4
1528 1046 1639 1090 polli-

108 1113 227 1144 cares,
253 1102 335 1136 basi
360 1101 569 1145 filiformes,
595 1114 681 1137 mox
706 1103 828 1146 planse
856 1106 894 1136 et
922 1103 1061 1137 sensim
1095 1103 1133 1136 in
1165 1104 1405 1138 latitudinem
1439 1104 1549 1138 lineae
1577 1108 1640 1139 aut

109 1161 190 1193 2-3
215 1159 401 1194 linearum
439 1159 622 1202 dilatatae,
650 1171 669 1193 a
695 1160 864 1204 margine
902 1160 1028 1205 pinnis
1067 1161 1318 1196 conformibus
1358 1161 1638 1206 decompositae,

108 1217 148 1250 in
176 1216 300 1261 apices
328 1216 593 1250 teretiusculos
620 1218 789 1258 obtusos,
815 1217 895 1250 illic
922 1228 1156 1259 verrucosos,
1185 1229 1284 1262 saepe
1311 1218 1519 1262 productae.
1553 1218 1640 1252 Pin-

109 1274 207 1307 nulae
233 1274 272 1306 in
298 1273 485 1307 frondium
512 1276 619 1317 parte
638 1273 789 1317 planata
811 1274 951 1308 sensim
969 1274 1212 1318 proveniunt,
1240 1274 1388 1309 steriles
1415 1274 1639 1319 conformes,

108 1331 255 1364 fertiles
282 1330 538 1364 teretiusculffl
567 1341 697 1374 parum
724 1342 895 1374 ramosae,
923 1330 1021 1364 infra
1046 1331 1190 1376 apicem
1216 1333 1389 1366 obtusum
1410 1342 1539 1365 zonam
1555 1333 1640 1366 bre-

109 1398 194 1421 vem
221 1387 495 1431 sphzerosporis
515 1389 686 1421 onustam
707 1389 898 1431 gerentes.
935 1387 1107 1422 Sectione
1126 1391 1348 1422 transversa
1366 1388 1638 1433 sphaerosporae

109 1446 251 1490 plures,
279 1457 377 1489 saepo
403 1445 441 1478 in
468 1446 594 1479 orbem
621 1445 721 1479 circa
747 1445 921 1478 cellulam
959 1446 1145 1488 quandam
1183 1446 1394 1480 tenuiorem
1433 1447 1640 1480 centralem

111 1503 305 1547 dispositae
334 1502 523 1545 videntur,
550 1502 587 1535 in
615 1502 762 1536 cellulis
790 1501 1153 1537 infra-corticalibus
1182 1503 1357 1545 evolutae,
1386 1502 1582 1548 sphaericyae
1604 1507 1642 1538 et

110 1560 301 1605 triangule
329 1560 473 1594 divisae.
502 1580 534 1585 —
564 1559 737 1593 Sectione
763 1559 861 1593 facta
889 1559 1030 1593 sterilis
1057 1560 1215 1602 frondis,
1242 1560 1365 1594 media
1389 1572 1476 1605 pars
1503 1560 1641 1595 leviter

110 1618 321 1650 incrassata
346 1617 515 1660 adparet,
544 1619 581 1650 et
608 1628 714 1650 secus
742 1616 837 1649 hanc
867 1620 1015 1661 partem
1054 1617 1301 1651 incrassatam
1339 1618 1484 1652 cellulae
1512 1621 1640 1653 rotun-

111 1675 207 1708 datze
235 1685 334 1708 nunc
359 1673 546 1718 plurimae,
573 1674 610 1707 in
637 1674 930 1718 parenchymate
957 1686 1113 1719 sparsse,
1141 1674 1335 1719 dispositae
1363 1675 1501 1709 adsunt
1526 1675 1640 1711 fluido

111 1731 266 1775 limpido
294 1731 398 1775 quasi
426 1732 506 1765 oleo
531 1731 702 1774 repletae.
753 1731 945 1774 Ejusmodi
986 1732 1135 1774 cellula,
1162 1731 1199 1764 in
1237 1731 1361 1765 modia
1396 1732 1528 1766 fronde
1556 1733 1641 1777 sita,

110 1789 260 1832 Harvcy
285 1788 465 1831 deeeptus
491 1787 574 1831 fuit,
601 1798 757 1821 nervum
784 1791 1003 1821 transverse
1031 1791 1173 1821 sec-tum
1193 1791 1345 1832 putans,
1365 1800 1474 1832 quem
1495 1800 1641 1834 quoque

111 1846 151 1879 in
175 1845 282 1879 icone
310 1844 529 1878 delineavit.

112 1939 147 1979 2.
180 1937 247 1979 CL.
280 1951 572 1978 ‹1›13LoN‹}1FoL1A
621 1936 771 1990 (Hook.
804 1940 841 1978 ct
872 1936 1007 1978 Ham).
1040 1937 1136 1990 Algs.
1174 1937 1278 1979 Nor.
1319 1936 1404 1979 Zel.
1454 1951 1523 1979 mo
1570 1940 1642 1994 70)

226 2005 448 2047 frondibus
482 2018 612 2057 supra
642 2004 773 2046 fibras
805 2019 997 2046 ramosas
1028 2005 1238 2047 radicales
1270 2004 1455 2057 elevatis,
1489 2006 1642 2059 pinna-

225 2075 301 2115 tim
335 2073 646 2126 decompositis,
680 2073 855 2114 rachide
887 2073 1114 2126 pinnisque
1136 2074 1274 2126 planis
1295 2073 1546 2115 lanceolatis
1568 2075 1642 2116 ob-

225 2142 414 2195 longisve
446 2141 565 2193 apice
597 2140 885 2181 conformibus
917 2141 1092 2187 obtusis,
1126 2142 1266 2194 pinnis
1300 2142 1534 2195 majoribus
1567 2156 1642 2196 ap-

225 2209 563 2263 pendicibusquo
594 2208 829 2249 minoribus
862 2222 981 2248 secus
1013 2209 1227 2261 margines
1274 2222 1378 2262 vage
1424 2209 1642 2251 alternan-

226 2279 353 2323 tibus,
386 2276 563 2317 fimbriis
594 2275 829 2317 fructiferis
860 2276 956 2328 plus
988 2277 1126 2317 minus
1158 2278 1351 2325 ramosis,
1376 2277 1643 2331 sphaerospo-

226 2346 365 2387 riferis
398 2345 683 2391 subcuneatis,
717 2344 962 2384 keramidiis
995 2345 1140 2386 ovatis.
1165 2345 1303 2386 Ηανυ.
1329 2346 1398 2388 Fl.
1426 2347 1530 2388 Nov.
1554 2347 1641 2388 Zel.

221 2429 263 2467 p.
296 2415 374 2454 325
407 2413 488 2454 tab.
524 2410 706 2454 CXIII.

226 2483 321 2523 Ilab
355 2481 408 2522 ad
441 2481 602 2521 Novam
626 2480 891 2521 Zelandiam:
915 2479 1055 2534 Lyall!
1088 2481 1330 2534 Berggren!
1354 2481 1407 2522 ad
1431 2482 1508 2522 ins.
1534 2480 1643 2523 Cha-

378 2555 486 2591 tam:
521 2549 723 2589 'l‘raversl

205 2631 325 2665 Frons
353 2630 389 2663 in
416 2629 557 2663 nostris
584 2630 672 2663 (3-—8
698 2629 887 2672 pollicaris
908 2630 1017 2673 plana
1037 2629 1335 2671 membranacea,
1356 2627 1540 2672 pinnatim
1560 2628 1643 2672 plus

115 2690 237 2722 niinus
264 2686 484 2730 composita,
510 2686 637 2730 pinnis
663 2687 865 2729 majoribus
892 2685 1138 2730 3-—4pollices
1166 2685 1288 2730 longis
1316 2688 1354 2719 et
1373 2684 1644 2729 scmipolliccm

116 2757 213 2778 nunc
238 2743 440 2778 latitudine
469 2742 749 2787 superantibus,
775 2743 854 2776 basi
881 2743 1101 2784 attenuatis,
1128 2742 1341 2785 junioribus
1376 2742 1644 2786 subspathula-

116 2803 165 2836 tis
193 2801 297 2845 apice
324 2800 459 2834 eximie
486 2800 645 2843 obtusis,
672 2800 921 2834 adultioribus
949 2799 1067 2844 magis
1094 2798 1495 2843 oblongo-linearibus.
1544 2798 1643 2833 Prae-

116 2862 175 2893 ter
200 2858 334 2903 pinnas
361 2868 381 2890 a
404 2856 574 2900 margine
601 2869 694 2902 vage
721 2860 902 2892 exeuntes
936 2856 1092 2892 fimbriae
1120 2856 1271 2899 adsunt,
1296 2855 1335 2889 in
1362 2855 1485 2890 sterih
1512 2855 1638 2900 pauci-
