1757 3114
108 120 188 161 372

667 121 1026 163 HORMOSPERMEAE.

220 238 390 276 ternum
422 234 577 286 saepius
608 232 819 276 elevatum
852 238 1036 287 recepto,
1071 233 1402 287 simpliciusculo
1434 240 1511 277 aut
1541 235 1640 277 sub-

222 304 469 357 composito,
503 302 587 344 filis
620 303 944 357 gemmidiiferis
977 317 1002 344 a
1032 303 1231 356 placenta
1277 305 1431 357 saepius
1477 304 1643 345 elevata

222 372 556 425 egredientibus„
588 372 768 413 invicem
800 372 1023 425 superiore
1046 371 1198 413 saltem
1222 376 1344 424 parte
1365 373 1513 414 liberis
1536 372 1641 413 arti-

222 439 389 491 culatis,
423 429 782 495 moniliformibus
814 445 890 481 aut
921 441 1195 487 subclavatis,
1226 441 1270 481 in
1302 441 1495 482 articulis
1518 454 1643 494 supe-

219 508 403 549 rioribus
435 507 631 561 pluribus
663 512 738 549 aut
767 509 1044 561 paucioribus
1083 508 1210 549 simul
1254 509 1642 551 maturescentibus

220 575 452 628 gemmidia
481 575 716 617 rotundata
746 577 1076 630 generantibus3
1108 576 1418 630 sphaerosporis
1439 578 1484 618 in
1505 580 1642 618 strato

219 643 416 685 corticali
448 658 603 697 parum
624 648 789 685 mutato
812 649 888 686 aut
909 645 1225 687 nemathecioso
1249 647 1409 698 sparsis
1431 650 1506 686 aut
1527 646 1643 686 intra

220 713 489 755 nemathecia
519 713 707 755 collectis
731 714 906 755 minutis
929 714 1150 755 cruciatim
1176 721 1251 756 aut
1274 715 1459 756 zonatim
1483 714 1640 756 divisis.

109 831 237 878 ORDO
275 832 386 878 Xlll.
459 831 871 878 DELESSEROEAE
902 841 1055 882 fronde
1092 842 1370 883 inarticulata
1406 856 1517 896 saepe
1549 841 1640 896 pla-

219 912 333 960 nata,
352 922 464 949 nunc
480 908 715 956 foliiformi,
733 908 950 959 cellulosa‚
969 908 1135 950 cellulis
1157 910 1439 952 exterioribus
1462 910 1640 964 angula-

218 976 318 1018 latis
350 978 572 1025 concretis,
598 992 709 1018 nunc
741 977 1007 1031 longioribus
1029 992 1158 1019 venas
1180 979 1542 1021 constituentibus
1564 984 1639 1020 aut

219 1048 359 1086 costas
390 1045 763 1098 percurrentibus3
811 1044 1079 1099 Cystocarpii
1124 1045 1274 1087 nucleo
1304 1047 1420 1087 intra
1450 1046 1639 1099 pericar-

218 1114 337 1166 pium
368 1117 592 1155 externum
637 1113 889 1166 depressum
935 1118 1118 1167 recepto,
1166 1113 1511 1167 simpliciusculo,
1557 1113 1640 1155 filis

220 1182 545 1235 gemmidiiferis
577 1196 603 1223 a
634 1182 788 1223 cellula
818 1182 1057 1235 placentari
1098 1183 1251 1237 majori
1296 1196 1428 1235 supra
1458 1182 1639 1223 fundum

219 1251 402 1293 dilatata
433 1265 602 1292 sursum
635 1251 919 1302 radiantibus,
953 1251 1174 1304 superiore
1204 1265 1282 1292 sua
1302 1254 1425 1304 parte
1447 1250 1639 1304 longiore

218 1320 399 1360 invicem
430 1319 578 1361 liberis
611 1318 852 1360 articulatis
894 1319 1085 1369 clavatis,
1124 1319 1167 1360 in
1205 1320 1396 1361 articulis
1429 1320 1638 1373 supremis

219 1387 451 1441 gemmidia
480 1400 619 1440 pauca
651 1387 777 1427 simul
809 1387 1141 1428 maturescentia
1171 1388 1405 1429 rotundata
1431 1401 1638 1441 generan—

218 1456 355 1507 tibus;
403 1455 714 1508 sphaerosporis
761 1469 880 1496 soros
919 1455 1198 1497 subdefinitos
1229 1455 1516 1497 formantibus
1547 1470 1638 1498 ma-

211 1523 391 1578 jusculis
423 1523 667 1565 rotundatis
699 1522 916 1577 triangule
948 1523 1106 1565 divisis.
