1757 3114
121 68 423 120 Nitophyllum.
748 66 1051 106 DELESSERIEAE.
1566 65 1641 104 461

114 180 153 214 in
179 179 261 213 aliis
287 180 480 213 nonnullis
508 178 771 223 Aglaophyllis
804 175 999 220 Kutzingii
1037 176 1171 210 adesse
1198 179 1235 210 et
1260 176 1338 210 fere
1365 187 1471 218 aeque
1498 177 1646 221 conspi-

114 249 192 272 cuae
219 248 259 270 ac
284 238 323 270 in
348 237 479 270 multis
507 235 813 281 Cryptopleuris:
849 234 1108 268 translucente
1148 233 1289 266 lumine
1316 244 1405 267 vero
1430 232 1489 266 hae
1518 233 1580 267 vix
1606 236 1647 267 ut

114 295 221 329 nervi
248 295 474 338 conspicuae.
524 294 568 328 In
592 294 771 328 inferiore
798 296 906 337 parte
933 295 1037 327 costa
1063 291 1263 325 admodum
1289 290 1503 334 conspicua.

114 378 178 418 27.
210 376 259 417 N.
292 377 637 417 ENDIVIAEFOLIUM
660 375 817 430 (Hook.
841 378 878 416 (st
901 373 1037 415 Harv.
1061 373 1158 425 Algs.
1189 372 1393 425 Tasmp.
1417 373 1462 426 6)
1493 371 1645 416 fronde

226 449 411 498 angusta
442 444 607 485 inferne
638 446 879 486 incrassata
909 441 1177 491 caulescente
1209 441 1456 482 dichotoma
1487 441 1645 493 margi-

226 514 376 567 nisque
408 513 728 554 undulatissimi
759 511 924 553 laciniis
966 510 1123 551 sensim
1160 510 1507 551 excrescentibus
1551 510 1645 562 pin-

225 586 340 633 nata,
364 583 595 635 segmentis
618 581 865 627 linearibus,
890 579 1164 620 inferioribus
1187 579 1325 619 medio
1348 579 1645 627 crassioribus,

228 652 523 705 superioribus
555 651 806 692 densissime
830 648 1261 701 umlulatfficrispatis
1285 651 1507 700 segmenta
1527 648 1646 701 prin-

225 721 379 774 cipalia
410 719 696 761 caulescentia
726 718 815 760 fere
853 717 1042 771 undique
1089 716 1400 770 obtegentibus,
1448 716 1646 757 coccidiis

223 792 266 829 et
297 789 405 829 soris
454 788 630 828 minutis
672 786 1035 840 punctiformibus
1067 785 1110 825 111
1141 784 1309 825 laciniis
1349 785 1645 837 superioribus

224 857 416 898 evolutis.
449 855 700 897 Delesscrm
734 854 1046 908 Endivioefol‘icc
1086 853 1223 895 Harv.
1255 854 1279 894 l.
1311 867 1343 895 c.
1374 853 1419 895 J.
1454 854 1535 906 Agl.
1573 853 1645 906 Sp.

214 940 261 978 p.
295 926 387 966 (597.
424 925 554 966 Kritz:
586 925 668 966 tab.
704 923 836 978 Phyc.
881 923 969 965 Vol.
1007 923 1135 965 XIX
1163 923 1246 964 tab.
1280 924 1343 963 11,

375 993 443 1033 Ad
475 993 639 1034 Novam
671 992 946 1034 Hollandiam
978 991 1228 1033 australem.

200 1062 351 1105 Harvey
377 1061 543 1106 speciem
570 1061 797 1095 Delesserife
815 1060 1085 1101 consideravit,
1106 1059 1196 1103 quin
1216 1060 1328 1094 11111110
1348 1059 1539 1095 dubitavit
1558 1072 1604 1094 an
1624 1072 1644 1094 a

108 1119 152 1153 D.
179 1119 357 1153 frondosa
383 1118 555 1152 differret
581 1118 685 1162 (Azy.
711 1121 830 1152 austr.
850 1128 923 1151 exs.
950 1128 1011 1151 wo
1037 1119 1131 1161 275).
1166 1117 1233 1150 His
1261 1117 1488 1161 comparatis
1515 1120 1643 1151 tamen

107 1176 278 1220 adparet,
297 1176 340 1210 D.
360 1175 573 1209 frondosam
596 1187 797 1218 numquam
813 1174 917 1218 apice
935 1174 1167 1208 »uhdivisam
1187 1186 1285 1218 esse,
1306 1175 1372 1208 sed
1391 1186 1541 1219 semper
1559 1187 1642 1210 evo-

105 1233 247 1267 lutione
274 1232 477 1277 marginali
498 1232 795 1276 decompositam
813 1232 908 1266 fore:
936 1231 974 1265 111
1002 1232 1045 1265 N.
1074 1231 1355 1275 Endiviaefolio,
1383 1236 1527 1272 contra,
1556 1237 1644 1267 sunt

107 1295 305 1335 segmenta
330 1290 546 1325 terminalia
572 1291 788 1325 dichotoma
813 1294 850 1324 et
875 1294 1061 1334 praeterea
1100 1290 1388 1335 decomponitur
1427 1291 1643 1325 evolutione

107 1350 330 1384 laciniarum
356 1348 585 1383 lateralium.
634 1349 755 1382 Multo
781 1348 901 1393 magis
940 1360 1022 1382 cum
1062 1348 1288 1392 quibusdam
1319 1348 1533 1393 Nitophylli
1561 1360 1644 1393 spe-

106 1409 233 1443 ciebus
249 1408 293 1441 D.
313 1407 618 1442 Endiviaefoliam
638 1406 855 1450 convenire,
873 1406 963 1440 mihi
983 1407 1171 1450 adparuit.
1201 1407 1348 1440 Revera
1365 1407 1409 1441 N.
1430 1406 1645 1441 Pristoideo

105 1469 143 1499 et
168 1465 213 1499 N.
234 1464 443 1509 parvifolio,
463 1476 569 1508 aeque
588 1464 907 1506 caulescentibus,
928 1463 1166 1507 potissimum
1187 1462 1322 1498 adfinis
1341 1464 1434 1497 mihi
1454 1464 1643 1508 adparuit.

105 1522 166 1556 Me
192 1525 319 1556 tamen
347 1533 451 1556 soros
478 1523 575 1556 bene
603 1521 773 1555 evolutos
801 1532 875 1555 non
902 1522 1142 1563 observasse,
1169 1520 1311 1554 dixisse
1339 1524 1536 1565 opportet3
1563 1532 1644 1555 coc-

106 1580 204 1616 cidia
228 1581 267 1614 in
293 1580 440 1614 laciniis
469 1580 728 1624 superioribus
757 1591 898 1624 sparsa,
925 1579 965 1613 111
992 1579 1156 1614 lacinula
1185 1580 1421 1625 subsingula,
1448 1580 1536 1614 hinc
1559 1592 1644 1625 pro-

105 1639 263 1682 minula,
289 1649 406 1672 nervo
433 1637 537 1671 nullo
562 1637 771 1671 insidentia
796 1637 886 1670 vidi.

105 1720 171 1761 28.
204 1718 254 1760 N.
286 1731 561 1759 POLYANTHUM
592 1716 659 1771 (J.
694 1717 775 1770 Ass.
807 1719 955 1773 mser.)
987 1723 1173 1771 angusta
1194 1718 1360 1759 inferne
1382 1717 1643 1769 caulescens‚

217 1787 337 1828 caule
369 1787 608 1828 incrassato
641 1787 949 1828 subconvoluto
972 1801 1213 1841 squamoso,
1246 1788 1396 1829 fronde
1418 1788 1644 1842 decompo-

217 1856 296 1897 site
337 1855 799 1908 dichotomo-pinnata,
833 1857 1065 1909 segmentis
1096 1856 1345 1907 linearibuS,
1369 1857 1643 1899 inferioribus

218 1925 358 1966 medio
403 1925 703 1975 crassioribus,
750 1926 943 1979 margine
988 1926 1155 1979 integro
1204 1931 1279 1967 aut
1325 1927 1643 1978 subcrenulato,

219 1993 516 2046 superioribus
547 1992 636 2034 fere
668 1993 722 2034 ad
761 1993 925 2046 apicem
962 1993 1423 2036 rotundato-obtusum
1462 1996 1641 2043 venosis,

219 2061 327 2101 soris
360 2061 536 2102 minutis
567 2060 930 2114 punctiformibus
963 2062 1005 2103 in
1029 2062 1195 2104 laciniis
1218 2062 1519 2106 terminalibus
1542 2065 1642 2106 sub-

219 2129 457 2171 linearibus
503 2129 711 2182 plurimis.
761 2127 1069 2183 Cryptopleura
1117 2130 1362 2175 Gurdieana
1398 2133 1527 2174 Kritz.
1559 2134 1641 2175 tab.

223 2197 351 2251 Phyc.
396 2197 483 2239 Vol.
521 2198 648 2240 XIX
676 2199 759 2240 tab.
791 2199 828 2239 3.
860 2199 962 2253 (sec.
995 2199 1185 2254 sorosl)‘?

219 2265 327 2308 Hab.
360 2265 415 2307 ad
447 2280 545 2307 oras
577 2266 817 2309 Tasmaniae
850 2271 892 2308 et
922 2268 1051 2309 Novae
1084 2268 1329 2310 Hollaudiae
1362 2271 1577 2312 australis.

195 2344 245 2379 Ut
272 2344 423 2389 Species
450 2344 843 2394 affines-distinguere
870 2350 1027 2381 conatus
1057 2360 1151 2391 sum,
1180 2348 1275 2382 soris
1294 2349 1413 2383 multo
1432 2349 1642 2383 minoribus

105 2401 186 2436 haec
212 2402 358 2447 species
385 2402 634 2447 dignoscatur
659 2415 679 2437 a
704 2404 875 2448 proximo
901 2405 946 2440 N.
975 2405 1200 2448 Curdieano,
1235 2406 1340 2449 cujus
1368 2406 1443 2440 sori
1471 2407 1641 2441 subocel-

106 2458 186 2493 lati.
236 2459 357 2494 Frons
384 2458 466 2503 ipsa
491 2459 742 2495 consistentia
768 2460 910 2495 firmior
937 2462 1102 2503 videtur,
1122 2462 1220 2495 unde
1240 2462 1343 2506 poris
1370 2463 1490 2497 multo
1517 2464 1641 2497 minus

105 2519 261 2560 pertusa
287 2518 347 2550 est
370 2515 473 2550 frons
501 2516 658 2551 inferior
683 2529 793 2561 quam
819 2518 856 2552 111
884 2518 928 2553 N.
949 2518 1160 2552 Cui-dieano
1187 2522 1226 2552 et
1244 2519 1437 2563 praecipue
1459 2519 1498 2553 in
1517 2520 1644 2554 latiori

105 2571 150 2607 N.
176 2572 286 2606 affini.
336 2571 386 2606 Ut
412 2572 448 2605 in
476 2572 520 2606 N.
549 2573 760 2609 Curdieano
785 2574 828 2608 fit
853 2574 956 2608 frons
994 2574 1152 2609 inferior
1190 2575 1326 2609 eximie
1365 2575 1578 2611 incrassata
1605 2581 1644 2612 et

107 2629 340 2673 caulescens‚
367 2629 472 2663 caule
498 2629 538 2663 in
564 2630 668 2665 lobos
695 2632 940 2674 exuberante,
967 2632 1101 2674 quibus
1130 2643 1349 2675 squamosus
1379 2635 1417 2666 et
1441 2633 1643 2678 angulatus

105 2686 150 2720 fit
174 2687 270 2721 lobis
297 2686 523 2722 convolutis.
557 2687 662 2722 Hanc
690 2689 855 2733 speciem
875 2701 895 2722 a
912 2689 1063 2733 Harvey
1090 2690 1241 2724 nomine
1268 2690 1314 2725 N.
1344 2690 1462 2725 affinis
1482 2691 1643 2737 inscrip-

107 2745 183 2777 tam
210 2743 306 2783 vidi;
333 2746 373 2777 et
397 2743 508 2787 hujus
536 2743 759 2779 varietatem
785 2746 908 2789 initio,
935 2746 1022 2779 dein
1048 2745 1093 2780 N.
1121 2746 1324 2780 Curdieani
1342 2747 1497 2782 formam
1517 2750 1642 2783 consi-

111 2799 279 2834 deratam
305 2799 421 2834 fuisse
449 2800 633 2845 suspicor.
