1757 3114
109 129 188 169 538
701 129 1000 172 CHAETANGIEAE.
1330 131 1632 187 C'lcoetmzyc‘um.

218 242 338 284 ribus
368 243 628 297 patentibus,
661 244 871 297 supremis
902 245 1168 287 tenuioribus
1198 260 1309 299 saepe
1331 247 1635 300 subdivergen-

220 311 348 353 tibus.
381 311 514 353 Hoolc.
547 315 584 353 et
614 312 671 354 H.
704 313 727 354 Z.
760 327 791 354 c.
824 313 904 354 tab.
941 315 1017 353 116
1050 313 1106 355 A.

371 379 478 420 Hab.
510 379 564 420 ad
596 379 759 421 Novam
790 380 1049 422 Zelandiam.
1081 380 1371 438 (Berggrenl).

196 457 345 501 Harvey
371 457 462 491 duas
494 457 630 492 formas
669 459 933 503 magnitudine
972 459 1155 503 diversas,
1197 462 1375 495 caeterum
1413 461 1634 506 simillimas,

107 514 297 548 distinxit.
333 514 486 557 Nostra,
512 514 616 559 cujus
642 515 803 560 plurima
827 527 952 550 coram
978 516 1091 551 habui
1111 516 1327 561 specimina.
1345 519 1525 552 maximas
1544 519 1637 553 Har-

106 582 267 615 veyanas
293 570 556 615 magnitudine
582 584 655 606 non
681 576 850 616 aequant3
890 575 977 607 sunt
1013 585 1159 617 quoque
1195 574 1309 608 ramis
1346 574 1634 611 distantioribus

107 631 145 662 et
170 628 290 673 magis
317 627 540 662 acuminatis
566 628 740 673 praedita.
791 630 900 664 Color
937 630 1056 676 magis
1094 642 1384 675 purpurascens.
1434 632 1635 667 Exsiccata

106 686 367 732 cartilaginea.

107 852 279 902 sXXlX.
317 854 668 900 CHAETANGIUM
706 865 835 907 Klete.
880 864 1007 918 Phyc.
1043 878 1134 917 qen.
1156 878 1203 917 p.
1235 865 1327 906 392.
1369 865 1414 908 J.
1447 867 1527 920 Ay.
1562 867 1632 920 Sp.

209 946 256 985 p.
291 933 382 973 458.

106 1026 241 1067 Frons
273 1026 791 1077 membranaeeo-cornea‚
815 1029 987 1066 saccata
1010 1029 1052 1066 et
1073 1025 1403 1079 simpliciuscula
1425 1029 1500 1067 aut
1520 1040 1632 1068 com-

216 1094 396 1148 planata
427 1099 469 1136 et
499 1095 743 1137 dichotoma
790 1094 1225 1148 prolificationibusve
1269 1109 1450 1146 ramosa,
1487 1096 1633 1138 stratis

216 1163 384 1206 duobus
415 1167 630 1206 contexta:
663 1165 868 1206 interiore
898 1163 980 1205 filis
1012 1164 1271 1205 tenuissimis
1308 1167 1631 1206 anastomosan-

214 1232 331 1274 tibus
362 1232 535 1273 demum
565 1233 816 1274 densissime
847 1232 1110 1283 intertextis3
1151 1232 1360 1274 exteriore
1390 1231 1473 1274 filis
1503 1233 1632 1274 verti-

215 1299 380 1341 calibus
403 1301 703 1354 stipatissimis,
728 1300 920 1354 apicibus
942 1299 1116 1341 clavatis
1137 1300 1206 1342 vix
1228 1300 1452 1353 conspicue
1473 1301 1632 1342 articu-

214 1367 327 1409 latis.
381 1367 659 1422 Cystocarpia
689 1369 832 1410 frondi
864 1369 1064 1410 immersa
1094 1372 1170 1409 aut
1199 1369 1315 1410 intra
1344 1368 1632 1422 pericarpium

215 1435 620 1490 subhemisphaerice
666 1436 970 1490 prominulum,
1003 1436 1201 1478 nucleum
1246 1437 1459 1478 ambiente
1503 1436 1633 1491 plexu

214 1503 383 1545 filorum
402 1504 751 1547 densissimorum
767 1504 972 1555 clausum,
991 1505 1324 1558 carpostomium
1341 1518 1486 1546 versus
1509 1519 1632 1558 aper-

214 1576 316 1624 tum,
348 1573 464 1615 intus
496 1587 656 1623 cavum7
689 1573 743 1614 ad
774 1573 960 1627 parietes
993 1573 1270 1614 circumcirca
1297 1572 1510 1614 fasciculis
1540 1573 1632 1615 filo-

213 1655 309 1682 rum
340 1643 657 1695 praegnantium
687 1643 899 1692 vestitum,
920 1641 1126 1693 foventia;
1157 1640 1351 1683 fasciculi
1381 1641 1632 1693 abbreviati,

213 1710 256 1751 in
287 1710 480 1752 articulis
517 1710 816 1753 terminalibus
854 1710 1025 1752 filorum
1063 1710 1293 1764 gemmidia
1324 1710 1504 1764 singula,
1547 1710 1632 1750 cla-

214 1779 519 1822 vato-obovata
535 1783 803 1834 generantes.
838 1779 1150 1832 Sphoerosporce
1171 1780 1256 1832 (sec
1286 1778 1438 1834 Harv.)
1460 1792 1632 1832 sparsae.

104 1932 138 1971 1.
170 1930 446 1971 NOTHOGENIA
468 1929 629 1984 fronde
659 1928 930 1982 complanata
962 1929 1128 1971 lineari.

103 2047 139 2086 1.
172 2044 247 2086 CH.
281 2045 469 2086 LINGULA
501 2045 660 2098 (Harv.
695 2045 764 2087 Fl.
800 2045 946 2087 Tasm.
966 2059 1008 2097 p.
1030 2045 1131 2100 316)
1162 2043 1318 2091 fronde
1343 2043 1501 2097 pusilla
1532 2045 1631 2086 sim—

213 2115 313 2168 plici
343 2119 419 2155 aut
449 2128 576 2168 parce
608 2115 777 2156 furcata
804 2114 934 2168 plana
955 2113 1289 2164 sublanceolata,
1313 2114 1405 2155 basi
1427 2114 1631 2168 apiceque

213 2186 438 2225 attenuata
469 2183 635 2233 obtusa,
668 2183 882 2224 exsiccata
911 2182 1063 2236 rigida,
1096 2183 1372 2236 cystocarpiis
1394 2184 1631 2225 numerosis

216 2266 292 2305 per
322 2251 519 2293 frondem
552 2252 724 2304 sparsis.

364 2319 473 2362 Hab.
505 2320 560 2361 ad
592 2334 689 2361 oras
721 2319 958 2361 Tasmaniae
991 2319 1060 2373 (R.
1092 2319 1274 2375 Gunnl).

190 2402 311 2437 Frons
338 2402 491 2436 circiter
517 2399 852 2446 sesquipollicaris,
879 2399 1029 2434 omnino
1056 2400 1216 2444 simplex
1243 2402 1306 2434 aut
1332 2400 1448 2434 semel
1473 2400 1630 2444 furcata,

101 2460 156 2503 (in
183 2459 344 2504 nostris)
370 2459 574 2494 latitudine
600 2459 732 2502 1¹s2—-2
758 2457 877 2491 lineas
905 2468 1069 2500 aequans,
1119 2457 1203 2490 Fila
1229 2456 1340 2491 strati
1364 2457 1558 2491 interioris
1577 2461 1630 2492 te-

101 2517 285 2550 nuissima
310 2516 513 2550 articulata
538 2519 576 2550 et
601 2525 748 2549 ramosa
773 2514 874 2549 omni
901 2513 1108 2548 directione
1135 2516 1325 2558 porrecta:
1351 2514 1449 2547 infra
1475 2514 1630 2558 superfi-

100 2573 196 2607 ciem
223 2573 412 2616 densiora,
440 2576 477 2607 et
503 2573 548 2607 ab
575 2572 644 2606 hoc
674 2572 787 2616 plexu
820 2571 883 2604 fila
915 2570 1124 2613 verticalia‚
1157 2582 1287 2614 parum
1315 2570 1515 2614 conspicue
1542 2571 1630 2604 arti-

100 2631 224 2665 culata
251 2630 511 2675 egrediuntur.
550 2629 699 2674 Cryptae
726 2628 1042 2673 cystocarpiorum
1063 2628 1161 2661 infra
1179 2627 1416 2671 superficiem
1440 2628 1628 2663 immersae

101 2690 140 2721 et
165 2687 414 2732 carpostomio
439 2687 570 2720 hiante
599 2689 755 2730 apertae,
774 2685 978 2730 cinguntur
997 2684 1142 2718 filorum
1162 2684 1385 2718 interiorum
1404 2685 1629 2719 densissimo

102 2747 238 2786 strato:
263 2743 471 2777 introrsum
496 2742 560 2776 fila
584 2741 860 2788 gemmidiifera
888 2740 1109 2775 fasciculata
1139 2745 1385 2785 generantur.
1435 2741 1523 2785 Quae
1550 2742 1628 2785 qui-

102 2802 199 2843 dem,
226 2800 389 2845 propriis
420 2800 749 2835 observationibus
777 2799 950 2842 deducta,
978 2797 1192 2843 Chaetangii
1218 2798 1381 2842 speciem
1407 2798 1627 2842 indicantia,

102 2857 241 2892 addere
268 2857 381 2902 volui,
407 2869 520 2902 quum
545 2857 695 2901 Harvey
714 2868 797 2891 cum
823 2855 931 2901 signo
958 2854 1061 2889 dubii
1088 2855 1252 2900 speciem
1279 2866 1381 2889 suam
1408 2855 1627 2901 Chaetangio
