1757 3114
74 110 156 152 334
646 107 1031 151 RHODYMENIACEAE.
1347 103 1602 157 Epymenia.

76 226 112 265 1.
144 224 217 265 ΕΡ.
249 237 402 265 OBTUSA
434 221 581 276 (ἄνευ.
611 222 658 263 iaz
688 220 844 263 Edzssnb.
876 218 1030 260 Journ.
1063 217 1164 260 Nat.
1186 220 1223 260 et
1243 217 1393 272 Geoyr.
1419 217 1482 260 Sc.
1505 216 1605 259 III.

190 293 235 348 3)
267 291 419 333 fronde
447 290 643 343 stipitata
662 287 914 331 flabellatim
936 299 1126 339 expansa
1145 287 1326 340 repetite
1348 286 1604 336 dichotoma,

189 360 419 414 segmentis
451 357 762 412 principalibus
793 355 960 396 inferne
991 355 1184 396 cuneatis
1216 354 1513 404 semicostatis,
1536 367 1606 394 su—

191 428 433 482 perioribus
479 424 931 474 caueam-linearibus,
978 423 1188 476 supremis
1219 423 1501 476 subpalmatis
1533 422 1607 463 ob-

190 495 430 547 tusissimis,
464 493 741 549 cystocarpiis
780 493 824 532 in
853 490 1000 545 phyllo
1032 490 1240 544 pluribus.
1272 490 1317 533 J.
1348 490 1430 544 Ay.
1464 490 1534 543 Sp.
1558 504 1605 543 p.

190 566 281 606 220.
331 564 461 606 Kictz.
507 563 588 605 tab.
639 561 770 615 Phyc.
827 560 914 602 Vol.
966 560 1094 602 XIX
1127 560 1208 602 tab.
1254 560 1319 601 40.
1366 560 1609 613 Epymeozia

189 634 382 675 maxima
415 632 546 673 Kieta.
576 631 662 673 ihm
692 630 775 672 tab.
807 630 871 670 41.
915 628 1202 683 Phyllophora
1239 629 1388 670 obtusa
1425 628 1549 671 Grev.
1581 628 1607 669 l.

189 716 220 743 c.
242 701 306 754 pl.
339 699 426 742 IV.
1636 700 1639 704 '

190 770 256 810 Ad
286 767 388 822 Cap.
419 768 460 810 b.
492 767 609 821 Spei3
642 780 697 808 an
729 766 878 808 eadem
917 765 973 807 ad
1011 765 1100 818 Cap
1146 764 1278 816 Horu,
1324 765 1487 807 Novam
1533 764 1608 806 Ze-

340 835 534 877 landiam
564 839 608 876 et
638 834 801 876 insulas
835 832 1079 875 Auckland‘?

165 916 285 961 Regio
311 916 425 950 latior
448 915 661 949 incrassata
677 914 716 948 in
734 913 858 947 medio
875 912 964 947 folio
983 912 1105 957 adest,
1124 924 1145 946 a
1162 924 1234 956 qua
1250 913 1380 957 phylla
1397 912 1611 958 prolifican-

74 976 128 1009 tia
152 973 396 1019 proveniunt,
422 972 462 1007 in
475 984 550 1007 una
566 972 706 1017 pagina
724 970 861 1016 saepius
880 969 1152 1014 numerosiora,
1171 981 1270 1004 nunc
1288 969 1375 1004 huic
1392 969 1471 1004 fere
1488 969 1608 1015 priva.

76 1069 113 1109 2.
146 1067 218 1108 ΕΡ.
249 1079 555 1107 MEMBRANACEA
586 1064 747 1119 (Harv.
784 1064 915 1117 Phyc.
948 1067 1081 1105 austr.
1114 1064 1196 1105 tab.
1230 1064 1304 1115 89>
1343 1063 1497 1106 fronde
1535 1064 1610 1105 sti-

190 1136 330 1189 pitata
359 1134 526 1178 inferne
558 1138 600 1175 et
631 1148 800 1175 sursum
831 1132 1000 1186 longius
1046 1136 1212 1174 costata
1255 1132 1511 1175 flabellatim
1540 1146 1612 1174 ex—

189 1218 326 1258 pansa
365 1204 547 1257 repetite
595 1203 849 1252 dichotoma‚
898 1202 1129 1256 segmentis
1176 1201 1493 1244 sublinearibus
1537 1205 1612 1242 aut

192 1273 309 1315 infra
354 1273 508 1315 axillas
556 1272 760 1322 cuneatis,
806 1270 1106 1313 terminalibus
1137 1271 1462 1324 subangustatis
1494 1273 1614 1312 obtu-

188 1341 398 1393 siusculis,
431 1341 710 1396 cystocarpiis
740 1341 784 1381 111
815 1340 959 1394 phyllo
990 1340 1152 1393 paucis.
1197 1339 1327 1381 Ke'ltz.
1361 1341 1444 1383 tab.
1481 1340 1610 1393 Phyc.

204 1410 294 1452 Vol.
330 1409 459 1452 XIX
485 1409 566 1451 tab.
600 1408 686 1450 40?

196 1479 308 1522 Hab.
339 1479 394 1520 ad
426 1478 528 1521 Nov.
559 1477 835 1519 Hollandiam
875 1476 1111 1518 australem
1145 1481 1188 1518 et
1216 1476 1320 1518 Nov.
1352 1476 1613 1518 Zelandiam.

169 1560 260 1594 Haec
286 1559 539 1594 antecedente
565 1558 701 1601 minor,
728 1560 833 1592 costa
858 1556 1079 1602 angustiore
1106 1559 1145 1591 et
1169 1557 1290 1602 magis
1317 1557 1534 1602 conspicua,
1560 1557 1612 1591 la-

79 1617 255 1661 minaque
280 1616 402 1661 inagis
429 1616 717 1650 membranacea
755 1615 939 1648 distincta
974 1614 1140 1648 videtur.
1188 1613 1324 1658 Phylla
1359 1612 1614 1658 prolificantia

80 1675 257 1709 deorsum
283 1676 389 1708 costa
413 1672 585 1707 evidenti
621 1671 906 1706 continuantur.
933 1691 975 1696 ——
1002 1670 1154 1715 Species
1180 1670 1290 1715 hujus
1329 1670 1489 1705 Generis
1528 1671 1598 1705 cha

79 1731 293 1767 racteribus
319 1731 432 1766 hodie
459 1730 622 1776 cognitis
649 1740 752 1774 aegre
778 1732 906 1764 tamen
932 1729 1220 1774 dignoscantur.

614 1835 781 1889 Species
812 1835 1095 1888 inquirenda·

81 1930 118 1971 3.
148 1929 221 1970 ΕΡ.
252 1941 385 1969 AcuTA
416 1926 572 1980 (Harv.
606 1927 678 1969 Fl.
714 1926 818 1968 Nov.
851 1925 938 1967 Zel.
953 1939 999 1978 p.
1022 1925 1124 1980 249)
1145 1923 1296 1965 fronde
1317 1922 1410 1964 basi
1432 1926 1614 1964 cuneata

197 1996 284 2038 alte
315 2001 358 2038 et
387 1995 528 2037 valide
560 1998 727 2037 costata
756 1993 1047 2036 fiabelliformi
1080 1992 1241 2046 pluries
1272 1992 1530 2042 dichotoma„
1552 1991 1615 2032 la-

196 2065 317 2106 ciniis
347 2064 593 2117 patentibus
613 2062 702 2104 late
724 2062 963 2105 linearibus
984 2061 1104 2115 apice
1125 2061 1361 2102 attenuatis
1383 2060 1615 2102 subacutis.

348 2131 414 2173 Ad
446 2131 677 2172 Akaroam.

173 2212 293 2256 Hujus
320 2211 461 2257 speciei
486 2212 633 2245 nullum
659 2210 851 2254 specimen
876 2210 1142 2253 Harveyanum
1159 2209 1250 2244 vidi.
1287 2209 1500 2254 Specimina
1518 2209 1616 2252 Epy-

85 2268 220 2303 meniae
247 2268 443 2313 cujusdam
469 2268 515 2302 ad
540 2268 684 2302 Novam
710 2266 931 2301 Zelandiam
956 2266 1053 2312 leg-it
1078 2266 1291 2312 Berggren,
1310 2269 1348 2300 at
1366 2266 1447 2300 haec
1466 2277 1540 2300 non
1559 2266 1613 2299 ita

86 2326 277 2370 completa
301 2327 344 2359 ut
369 2325 415 2359 de
440 2324 486 2359 iis
509 2324 695 2369 judicium
719 2323 892 2368 proferre
918 2323 1108 2358 auderem.

85 2406 122 2446 4.
156 2405 228 2445 ΕΡ.
260 2418 499 2445 ANGUSTATA
533 2403 660 2446 Sond.
693 2404 739 2446 in
771 2403 900 2445 Limz.
934 2404 1040 2444 1852
1063 2417 1111 2457 2⁹·
1145 2405 1238 2445 677.

88 2474 124 2513 5.
158 2474 230 2514 ΕΡ.
263 2473 476 2516 WILSONIS
509 2472 636 2516 δοκεῖ.
666 2473 713 2514 in
745 2472 873 2515 Lina.
907 2472 1013 2513 1853
1036 2487 1082 2525 2).
1116 2474 1208 2514 516.

489 2587 656 2641 Species
688 2587 901 2641 affinitate
933 2586 1037 2629 ww'lw'
1069 2587 1210 2629 dubia.

90 2680 127 2718 (3.
158 2678 229 2719 ΕΡ.
261 2692 485 2720 VAmoLosA
523 2678 682 2732 (Hook.
721 2681 760 2720 et
789 2678 926 2721 Harv.
965 2678 1101 2720 Lond.
1140 2677 1292 2720 Journ.
1328 2678 1362 2719 I
1371 2676 1415 2719 V.
1437 2693 1483 2730 p.
1515 2679 1617 2733 259)

202 2746 376 2788 ”fronde
409 2747 942 2789 carnoso-membranacea
973 2747 1209 2799 sanguinea
1240 2747 1283 2787 in
1314 2746 1491 2787 lacinias
1522 2746 1616 2799 plu-

203 2827 270 2854 res
303 2815 387 2855 late
416 2815 600 2857 lineares
631 2830 668 2857 v.
699 2819 903 2857 cuneatas
934 2815 1157 2869 elongatas
1193 2815 1384 2856 furcatas
1425 2814 1616 2856 dichoto-
