1757 3114
121 99 202 139 280
485 128 488 131 -
694 96 1036 139 ARESCHOUGIEAE.
1268 98 1652 152 Erythroclonium.

121 213 211 246 sunt
223 211 349 245 nuclei
363 211 524 256 globosi,
544 211 682 255 saepius
702 211 855 257 singuli,
875 222 959 246 raro
979 213 1263 258 subcompositi,
1282 213 1465 248 rame-ntis
1485 212 1652 258 globosis

120 270 302 313 immersi,
330 282 350 303 a
374 270 552 314 placenta
576 269 738 304 centrali
765 290 806 293 —
832 270 914 304 tubi
941 271 1121 305 centralis
1149 275 1258 316 parte
1284 276 1349 307 aut
1373 284 1475 306 ramo
1501 272 1653 316 placen·
1685 267 1690 275 ’

122 327 195 362 tari
225 348 256 352 —
286 327 350 360 fila
374 326 654 370 gemmidiifera
689 338 993 371 quoquoversum
1029 328 1264 364 emittentes.
1314 330 1442 374 Ipsum
1479 330 1654 363 nucleum

122 386 195 420 filis
232 384 562 419 intercedentibus
600 385 796 420 sterilibus
835 384 1071 419 subdivisum
1106 385 1146 419 111
1183 386 1252 420 hac
1289 387 1413 431 specie
1451 399 1525 420 nou
1562 386 1653 420 vidi.

119 443 285 478 Nuclcus
323 443 502 487 globosus
539 441 785 476 circumcirca
808 441 979 486 cingitur
1004 441 1078 476 filis
1106 442 1217 476 strati
1242 443 1459 478 interioris:
1489 447 1527 477 ct
1552 443 1656 477 inter

120 501 201 534 lizec
228 499 292 533 fila
329 500 480 533 easdem
517 499 673 533 cellulas
710 499 948 542 rotundatas,
989 500 1285 535 endocliromate
1323 501 1450 535 vivide
1487 492 1655 535 colorato

123 561 235 601 atquc
262 568 362 602 szepe
388 556 427 590 in
451 556 474 589 4
498 559 626 601 partes
654 556 847 591 subdiviso
872 556 991 591 foetas
1018 557 1109 600 vidi,
1136 568 1226 601 quas
1246 569 1393 601 quoque
1411 558 1449 592 in
1469 558 1552 592 aliis
1572 569 1653 602 spe-

122 615 251 649 ciebus
278 613 563 658 Erythroelonii
590 616 628 647 et
652 613 923 657 Areschougiae
951 614 1257 657 quandoquidem
1288 618 1499 660 praesentcs
1527 616 1654 649 obscr-

122 671 218 705 vavi.
268 671 352 705 Fila
376 670 655 716 gemmidiifera
685 674 774 704 sunt
798 670 838 704 in
862 670 1042 704 inferiore
1071 682 1137 704 sua
1167 674 1276 716 parte
1309 672 1511 706 articulata
1536 675 1575 706 ct
1599 672 1655 706 111-

122 728 241 763 ν100111
269 728 462 763 sublibera
487 727 934 772 dichotomo-fastigiata3
960 727 999 761 in
1026 729 1222 772 superiore
1247 732 1356 773 parte
1376 729 1527 764 articuli
1547 729 1654 774 ellip-

122 786 242 820 soidei
267 785 473 831 gemmidia
497 785 628 819 fovent
663 785 912 830 irregularius
951 786 1154 829 conjuncta
1192 790 1231 820 ct
1267 788 1438 832 gelatina
1474 787 1653 823 cohibita.

121 843 305 878 Nucleum
332 845 491 876 externe
516 842 638 887 cingit
675 844 836 876 stratum
873 842 1053 877 corticalc
1090 842 1164 877 filis
1204 844 1449 879 verticalibus
1477 848 1534 879 sat
1559 846 1656 878 benc

121 899 285 934 evolutis
311 899 525 933 articulatis
552 902 590 933 et
616 898 757 933 arctius
785 899 986 942 concretis,
1025 899 1271 935 interioribus
1311 901 1482 936 articulis
1521 901 1655 935 crassi-

121 955 263 1000 oribus,
289 956 544 991 exterioribus
570 955 819 990 tenuioribus.
869 956 1008 991 Nostra
1034 968 1162 992 errore
1200 957 1360 1001 quodam
1396 957 1499 992 inter
1536 959 1655 1002 speci—

121 1013 224 1047 mina
248 1013 440 1059 Trigeniae
467 1014 645 1048 australis
673 1025 693 1047 a
716 1014 866 1058 Harvey
890 1013 1111 1059 distributa,
1130 1015 1236 1058 quasi
1255 1015 1364 1059 liujus
1383 1015 1540 1050 formam
1559 1016 1656 1050 fruc-=

122 1071 273 1105 tiferam
298 1071 565 1106 constitueret.

212 1129 299 1164 Alia
323 1130 468 1174 planta,
494 1141 578 1163 cum
605 1141 675 1173 qua
701 1132 832 1164 nostra
849 1130 981 1165 habitu
1000 1142 1074 1165 non
1092 1142 1224 1175 parum
1243 1131 1434 1175 convenit,
1454 1135 1513 1166 cst
1531 1132 1656 1167 Rhab-

121 1187 235 1222 donia
260 1187 459 1232 globifera.
508 1187 599 1221 Haec
625 1190 684 1221 est
708 1187 841 1231 planta
878 1188 1054 1230 crassior,
1093 1188 1346 1223 exsiccatione
1382 1189 1504 1233 magis
1536 1190 1657 1223 susco-

122 1256 327 1290 pnrpurea,
354 1244 468 1278 ramis
496 1256 643 1288 quoque
670 1245 716 1279 ad
744 1244 868 1289 apices
896 1245 1131 1290 constrictis,
1157 1249 1196 1281 at
1221 1247 1392 1281 articulis
1419 1247 1657 1282 brevioribus

122 1303 324 1345 instructa,
352 1302 451 1336 unde
476 1304 649 1335 ramenta
673 1302 771 1336 fiunt
796 1302 984 1337 densiora.
1020 1304 1207 1338 Ranienta
1230 1304 1270 1338 in
1296 1304 1445 1339 Rhabd.
1472 1304 1659 1350 globifcra

123 1371 190 1394 sua
214 1358 455 1404 longitudine
483 1359 711 1393 diametrum
748 1360 882 1403 caulis,
907 1360 947 1394 in
972 1372 1045 1404 quo
1069 1360 1254 1405 insident,
1290 1361 1369 1395 fere
1407 1361 1522 1406 duplo
1549 1374 1657 1405 supe-

122 1419 227 1459 rant3
254 1416 293 1450 in
319 1416 474 1460 Erythr.
501 1416 667 1461 pyrifero
694 1420 845 1461 aequant
876 1420 942 1451 aut
977 1429 1109 1462 parum
1147 1420 1345 1463 superant:
1386 1421 1475 1452 sunt
1511 1430 1658 1462 quoque

122 1474 242 1519 magis
269 1474 438 1519 globosa,
464 1474 656 1519 praecipue
683 1474 722 1508 in
746 1474 957 1519 fructifera,
985 1486 1099 1519 supra
1124 1475 1295 1519 stipitem
1322 1474 1458 1509 eximie
1485 1478 1655 1510 attenua-

123 1535 214 1566 tum.
265 1532 465 1566 Structura
490 1532 652 1576 denique
678 1532 717 1566 in
744 1535 903 1576 utraque
930 1534 1062 1578 planta
1088 1533 1250 1568 diversa.

214 1589 335 1633 Quum
360 1589 399 1623 in
425 1590 559 1633 Eryth.
586 1590 752 1634 pyrifero
778 1593 859 1624 tota
890 1590 1022 1635 planta
1058 1590 1165 1634 quasi
1201 1591 1384 1625 ramentis
1422 1590 1659 1628 verticalitcr

123 1645 376 1691 superpositis
402 1647 654 1691 componitur,
681 1658 804 1681 ramos
826 1647 997 1691 juniores
1025 1648 1130 1691 quasi
1156 1647 1338 1682 strictura
1356 1648 1577 1682 articulatos
1596 1659 1658 1692 gc-

124 1717 226 1747 rens,
253 1707 291 1738 et
316 1707 489 1737 ramenta
514 1703 688 1743 lateralia
715 1705 760 1738 ab
787 1704 999 1738 incrassata
1023 1708 1132 1749 parte
1152 1705 1398 1739 articulorum
1415 1704 1659 1749 proveniunt,

125 1761 296 1805 sequitur
323 1764 365 1794 ut
389 1764 562 1794 ramenta
586 1761 761 1794 lateralia
786 1761 886 1795 circa
911 1765 1053 1795 certam
1085 1764 1234 1806 partem
1270 1762 1515 1797 articulorum
1541 1761 1659 1796 caulis

125 1819 290 1862 evoluta,
316 1818 354 1851 in
379 1817 577 1852 fasciculos
604 1817 767 1851 invicem
794 1818 982 1852 distantes
1002 1819 1163 1853 collecta
1180 1818 1403 1853 normaliter
1420 1819 1658 1853 obvenirent.

124 1879 183 1912 Ita
208 1889 354 1922 quoque
380 1877 419 1911 in
447 1876 715 1921 speciminibus
743 1877 839 1910 bene
866 1876 1029 1911 evolutis
1056 1879 1198 1911 nostrae
1225 1877 1367 1921 plantae
1395 1877 1552 1917 adsunt3
1592 1876 1659 1911 sed

124 1937 165 1970 111
190 1937 288 1980 31113,
315 1948 473 1980 quorum
500 1937 672 1969 iamenta
698 1938 762 1968 aut
785 1935 908 1979 magis
934 1935 1201 1980 iiiegulariter
1225 1935 1468 1979 proveniunt,
1495 1937 1560 1968 aut
1577 1935 1658 1979 plu-

125 1993 230 2027 rimis
258 1992 424 2036 delapsis
454 1992 644 2036 sparsioxa
668 1994 885 2034 ocem,runt
911 1991 1111 2036 dispositio
1128 1991 1350 2026 fasciculata
1367 1991 1491 2026 minus
1511 1991 1659 2035 conspi-

126 2062 195 2084 0111
220 2049 275 2083 fit.
324 2049 421 2082 Hinc
446 2048 517 2083 hoc
551 2048 773 2082 chalacteie
810 2060 887 2082 non
923 2048 1081 2081 nimium
1117 2047 1297 2082 insistere
1336 2059 1446 2082 ausus
1487 2060 1582 2089 sum3
1621 2047 1660 2082 in

125 2108 233 2143 icone
259 2107 409 2150 Harvey
413 2117 482 2139 ana
508 2105 692 2149 eiusmodi
719 2104 981 2148 dispositionis
1007 2106 1112 2139 nulla
1138 2108 1227 2139 sunt
1250 2104 1404 2139 indicia.
1444 2105 1660 2148 Harvcyum

126 2177 229 2208 vero,
249 2164 311 2208 qui
339 2175 444 2197 suam
467 2162 637 2207 plantam
663 2161 736 2196 sibi
763 2161 904 2196 diutius
925 2162 1116 2207 cognitam
1136 2162 1247 2205 dixit,
1269 2165 1307 2195 et
1324 2162 1436 2206 plura
1453 2161 1661 2206 specimina

127 2234 146 2256 e
174 2221 335 2256 diversis
361 2220 454 2254 loeis
488 2219 597 2262 vidit,
630 2221 748 2252 totam
786 2219 939 2252 allatam
971 2219 1308 2253 conformationem
1345 2218 1660 2263 praetermississc

127 2301 169 2305 --
196 2279 226 2313 si
253 2279 384 2313 eadem
408 2278 447 2311 in
474 2289 539 2311 sua
564 2277 697 2321 planta
721 2276 907 2310 adfuisset
932 2297 973 2300 —
1000 2277 1157 2311 credere
1185 2276 1247 2311 vix
1273 2277 1377 2311 licet.

218 2337 389 2380 Denique
416 2335 550 2370 afferre
576 2335 687 2369 decet
712 2334 926 2378 Harveyum
954 2347 1030 2369 suae
1058 2334 1226 2369 radicem
1245 2335 1530 2370 sub-bulbosam
1550 2334 1658 2368 attri-

126 2396 267 2431 buisso.
316 2395 359 2428 In
385 2396 516 2428 nostra
540 2412 582 2416 ——
609 2392 713 2436 cujus
739 2394 865 2426 tamen
892 2391 1054 2435 plurima
1080 2391 1289 2436 specimina
1321 2391 1401 2426 sine
1427 2391 1554 2425 radice
1581 2390 1659 2424 vidi

131 2476 172 2480 ——
196 2455 307 2499 plura
332 2451 540 2497 specimina
558 2462 579 2484 a
595 2453 724 2484 crusta
749 2461 915 2494 expansa
939 2449 1096 2484 radicali
1122 2449 1365 2494 proveniunt,
1391 2448 1465 2483 ima
1489 2449 1571 2484 basi
1595 2460 1657 2494 pa-

129 2523 212 2545 rum
239 2509 426 2544 crassiora
451 2510 489 2542 et
515 2507 757 2551 cylindraeea
782 2506 953 2541 dicenda.

129 2651 254 2702 LXH.
292 2653 647 2701 ARESCHOUGIA
685 2660 822 2703 Ham).
853 2661 899 2702 in
934 2660 1091 2702 Trans.
1126 2660 1188 2702 Ir.
1219 2658 1355 2702 Acccd.
1391 2658 1477 2701 Vol.
1504 2658 1663 2701 XXII

234 2746 282 2785 p.
316 2733 408 2772 554.
445 2731 576 2785 Phyc.
608 2733 743 2773 cmstr.
774 2729 855 2771 tab.
892 2729 1037 2770 XIII.

132 2824 267 2866 Frons
298 2822 513 2874 tubulosa,
554 2819 831 2864 teretiuscula
875 2824 951 2862 aut
995 2833 1165 2874 anceps,
1198 2819 1411 2870 continua,
1457 2818 1658 2863 deorsum
