1757 3114
622 75 1122 117 HELMINTHOCLADIACEAE.
1228 59 1229 66 ¹
1560 72 1640 113 503

218 806 379 874 011110
428 805 568 873 xlv.
666 801 1526 872 HELMINTHOGLAMAGEAE.

218 954 337 1008 Algae
368 953 667 1000 inarticulatae,
706 966 818 1006 saepe
862 950 1143 1007 cylindraceae
1188 949 1639 1004 gelatinoso-lubricze,

105 1037 216 1066 nunc
249 1022 484 1065 adultiores
515 1024 661 1062 crusta
692 1021 888 1062 calcarea
910 1020 1120 1071 obductae,
1141 1018 1226 1060 filis
1247 1018 1527 1060 interioribus
1548 1018 1640 1060 lon-

104 1091 399 1148 gitudinaliter
431 1091 768 1141 excurrentibus,
804 1093 846 1130 et
877 1088 1161 1130 exterioribas
1199 1087 1476 1129 verticalibus
1517 1102 1640 1129 muco

103 1162 243 1204 laxius
275 1161 486 1211 cohibitis,
510 1174 624 1202 nunc
655 1159 918 1210 incrustatis,
951 1161 1180 1209 contextae3
1213 1171 1312 1200 raro
1334 1157 1546 1200 tubulosae
1568 1172 1640 1211 pe-

104 1231 318 1284 ripherico
350 1233 486 1271 strato
519 1229 683 1271 cellulis
716 1226 1189 1280 rotundato-angulatis
1229 1227 1392 1268 arctius
1431 1227 1641 1268 concretis

105 1302 340 1340 constante.
401 1297 680 1352 Cystocarpia
710 1296 852 1338 frondi
883 1296 972 1337 fere
1008 1296 1224 1345 immersa,
1263 1295 1376 1336 inter
1406 1294 1481 1335 fila
1511 1295 1640 1336 verti-

103 1367 214 1409 calia
246 1366 428 1417 evoluta,
459 1366 526 1407 vel
557 1367 674 1407 intra
704 1366 853 1407 eadem
885 1377 1093 1418 suspensa
1123 1364 1340 1405 mediante
1362 1362 1492 1417 plexu
1513 1377 1641 1418 pecu-

79 1435 403 1491 Ι1111111110111111
442 1435 739 1485 ambientium,
786 1434 1025 1487 placentari
1072 1432 1286 1486 adparatu
1331 1432 1507 1486 proprio
1552 1432 1642 1474 fere

102 1505 234 1554 nullo,
266 1503 468 1546 fasciculo
499 1503 671 1545 filorum
702 1503 1020 1557 praegnantium
1056 1501 1310 1552 constituta3
1349 1500 1423 1541 fila
1462 1501 1640 1555 gemmi-

103 1573 256 1614 diifera
287 1587 312 1614 a
342 1577 487 1614 centro
521 1572 760 1626 placentari
799 1585 1146 1625 quoquoversum
1188 1573 1263 1611 aut
1294 1573 1539 1612 extrorsum
1570 1583 1639 1611 ra-

102 1641 279 1691 diantia,
311 1640 598 1682 fasciculatini
630 1654 802 1682 ramosa
833 1639 1077 1691 articulata,
1102 1639 1219 1681 intra
1239 1639 1444 1681 articulos
1476 1639 1641 1692 superi-

103 1724 198 1752 ores
230 1710 461 1763 gemmidia
493 1710 663 1764 singula
695 1709 960 1764 generantia.

216 1779 277 1820 De
311 1778 592 1821 affinitatibus
622 1778 884 1832 plantarum,
924 1791 1031 1832 quas
1062 1779 1107 1819 in
1145 1778 1259 1819 1111110
1303 1777 1498 1819 ordinem
1543 1792 1641 1820 con-

97 1848 234 1903 junxi,
268 1848 373 1889 milii
404 1848 522 1889 vario
554 1850 753 1901 respectu
790 1846 923 1888 dubia
960 1850 1147 1887 manent.
1208 1845 1273 1888 Ex
1305 1860 1391 1887 una
1421 1849 1545 1899 parte
1575 1847 1640 1887 in-

102 1920 267 1958 certum
300 1917 405 1957 mihi
426 1916 596 1958 videtur
619 1920 765 1957 utrum
786 1915 1169 1968 Desmiospermeis
1191 1929 1247 1956 an
1269 1915 1640 1968 Hormospermeis

103 1986 254 2027 melius
286 1985 550 2026 referantur:
585 1984 679 2025 Fila
710 1984 914 2024 nimirum
945 1983 1260 2037 gemmidiifera
1291 1986 1391 2024 sunt
1420 1998 1533 2024 1111110
1564 1983 1640 2025 ad-

103 2055 277 2096 modum
308 2054 578 2108 prolongata,
611 2052 804 2094 articulis
846 2051 1222 2094 subconformibus
1260 2051 1464 2106 (Scinaia,
1497 2052 1640 2094 Gloio-

50 2128 52 2130 ’
103 2124 264 2178 phlaea)
287 2127 328 2164 et
348 2122 565 2164 terminali
586 2122 654 2163 vix
677 2121 903 2174 conspicue
925 2121 1184 2172 incrassato3
1218 2120 1333 2174 quod
1354 2120 1640 2174 Hormosper-

103 2193 207 2233 meis
255 2191 425 2232 easdem
469 2190 684 2244 pertinere
730 2189 953 2230 indicaret.
1013 2188 1199 2230 Nucleus
1230 2189 1274 2229 in
1308 2188 1572 2239 Nemalione,
1605 2190 1641 2230 si

105 2261 290 2303 sectione
336 2260 442 2301 bene
473 2259 602 2300 ducta
633 2258 934 2311 conspiciatur,
967 2257 1049 2299 filis
1081 2257 1323 2299 articulatis
1354 2256 1640 2299 fasciculatim

105 2330 285 2372 ramosis
330 2341 498 2382 quoque
545 2331 741 2368 constare
786 2327 968 2377 videtur,
1014 2326 1208 2367 articulis
1253 2325 1423 2367 filorum
1454 2340 1531 2367 nec
1563 2325 1638 2367 ad-

104 2399 279 2441 modum
324 2398 502 2438 invicem
539 2397 729 2438 diversis.
778 2421 829 2425 ——
861 2397 958 2450 Ipse
997 2400 1141 2437 autem
1180 2396 1343 2445 modus,
1392 2410 1477 2449 quo
1522 2409 1638 2448 gem-

104 2467 236 2508 midia
267 2465 466 2520 generari
487 2464 571 2506 vidi
592 2464 687 2518 (cfr.
723 2464 793 2518 Sp.
828 2464 926 2518 Azy.
948 2479 995 2518 2).
1027 2465 1142 2518 411),
1173 2463 1316 2517 potius
1346 2463 1638 2517 Desmiosper-

105 2537 208 2578 meis
231 2534 455 2576 Nemalion
477 2533 726 2574 vindicaret.
762 2533 959 2587 Analysis
987 2532 1168 2586 pulchra
1190 2531 1407 2572 fructuum
1427 2530 1637 2586 Liagorae,

107 2620 235 2660 quain
267 2606 309 2646 in
340 2605 460 2645 icone
490 2603 759 2658 Phycologiae
798 2604 917 2645 dedit
947 2603 1147 2656 Kiitzing,
1179 2602 1258 2643 hoc
1290 2615 1461 2656 quoque
1492 2602 1638 2644 Genus

106 2672 490 2726 Desiniospermeis
522 2672 684 2713 referre
706 2672 936 2714 videretur.
996 2671 1061 2713 Ex
1092 2670 1389 2712 observatione
1420 2670 1639 2712 fructuum

107 2743 376 2790 Galaxaurae,
410 2754 539 2794 quam
569 2740 613 2780 in
642 2740 812 2795 Phycol.
843 2740 944 2781 Adr.
977 2739 1171 2780 exhibuit
1201 2739 1446 2789 Zanardini,
1478 2739 1637 2782 Galax-

109 2825 237 2853 auras
283 2824 453 2864 quoque
499 2809 877 2863 Desmiospermeis
914 2809 1130 2862 pertinere
1161 2808 1390 2862 adpareat3
1422 2808 1496 2851 fila
1525 2810 1637 2852 enim
