1757 3114
0 1888 27 2068 s),„:
2 1740 29 1861 ,3·„.A,¹
0 1691 31 1699 ¹⁴
0 1576 18 1657 ·-.<

113 72 392 127 Gorallopsis.
680 72 1101 113 SPHAEaocoooomEAE.
1568 74 1648 115 409

224 185 306 239 Ay.
344 184 417 238 Sp.
439 199 488 238 p.
521 186 614 226 582.
650 185 752 227 Fue.
789 185 1034 228 Salieornia
1072 185 1228 236 Mert.;
1266 185 1366 239 Spa.
1401 185 1648 229 Salicorm'a
1678 183 1680 185 ’

225 251 270 296 G.
302 252 384 307 Ay.
418 254 531 295 Icon.
563 254 674 296 med.
708 255 790 296 tab.
836 253 971 296 VIII.

374 322 442 363 Ad
472 322 808 365 Unalaschkam.

200 391 280 425 Sec.
308 390 506 435 Ruprecht
532 391 634 425 locus
661 390 800 425 natalis
827 390 937 435 hujus
970 391 1111 435 speciei
1142 391 1312 427 incertus
1345 392 1555 427 videretur.
1604 394 1648 427 In

108 448 294 483 Herbario
323 446 546 492 Chamissoi,
573 460 619 482 ex
646 460 718 492 quo
745 447 953 493 specimina
978 448 1104 483 omnia
1129 448 1238 493 hujus
1274 449 1415 495 speciei
1452 450 1648 494 hucusque

107 505 273 550 cognita,
299 506 502 550 provenire
529 506 723 550 adpareat,
751 505 989 540 Unalaschka
1019 505 1144 550 patria
1170 506 1324 541 dicitur.
1372 507 1557 551 Martens,
1585 508 1648 551 qui

106 563 145 597 in
173 563 295 608 Opere
322 563 367 597 de
393 563 503 608 Algis
530 564 676 608 Exped.
704 564 857 598 Boruss.
892 563 938 597 de
966 563 1224 608 geographica
1261 564 1535 600 distributione
1573 565 1648 599 dis-

107 621 229 655 seruit
254 624 292 655 et
317 621 419 655 locos
446 622 592 655 natales
620 625 733 656 antea
757 620 887 655 multis
924 620 1034 666 Algis
1074 620 1242 655 tributos
1280 622 1471 667 denegare
1497 622 1647 667 pericu-

106 678 183 712 lum
208 678 313 721 fecit,
341 678 386 712 de
413 678 451 713 C.
491 678 700 713 Salicornia
737 678 837 713 dixit
872 678 1009 723 Algam
1047 689 1130 712 esse
1169 678 1368 723 tropicam,
1407 691 1490 724 quae
1517 692 1538 714 a
1563 681 1645 715 loco

105 736 226 770 natali
250 736 437 782 Brasilizie,
464 749 593 771 erroro
620 738 780 782 quodam
800 736 1024 780 Chamissoi‚
1044 737 1091 771 ad
1108 737 1388 772 Unalaschkam
1414 739 1650 784 transposita

105 793 232 828 fuerit.
283 794 432 828 Revera
459 795 607 840 species
634 807 781 840 quoque
806 796 846 829 in
864 795 993 830 Martii
1012 796 1127 830 Flora
1144 794 1367 829 Brasiliensi
1388 798 1645 839 enumeratur,

105 854 237 897 utpote
264 863 346 895 quae
374 863 395 886 a
421 852 617 887 Chamisso
644 854 744 887 lecta
774 856 878 887 esset
902 853 942 886 in
969 853 1043 887 oris
1070 852 1242 887 Brasiliae
1269 853 1545 888 meridionalis.
1595 854 1638 887 In

106 911 313 954 conspectu
338 920 428 944 vero
453 910 637 955 Algarum
662 911 850 955 Brasiliae,
876 922 988 954 quem
1019 922 1117 945 anno
1143 912 1234 945 1870
1259 910 1443 945 Societati
1482 910 1642 946 Scienti-

104 977 209 1000 arum
234 966 444 1001 Havniensi
471 968 633 1002 tradidit
657 969 739 1013 ipse
764 969 936 1004 Martens
976 968 1078 1013 (pag.
1117 969 1201 1013 312)
1237 969 1319 1002 haec
1346 968 1473 1004 video:
1509 968 1643 1003 Confu-

105 1024 210 1058 sione
237 1024 502 1059 schedularum
528 1026 689 1070 aliisque
717 1026 907 1061 erroribus
934 1026 1075 1060 factum
1101 1029 1161 1061 est
1178 1029 1220 1060 ut
1240 1026 1335 1070 algae
1356 1026 1502 1070 aliquot
1521 1026 1646 1061 Florae

103 1081 275 1116 Brasiliae
303 1082 501 1117 attributae
529 1086 629 1126 sunt,
657 1095 740 1127 quae
767 1083 819 1118 ibi
845 1084 949 1118 nullo
975 1083 1086 1118 modo
1122 1083 1290 1118 inveniri
1328 1083 1491 1128 possint,
1529 1094 1646 1127 quare

109 1139 281 1173 delendae
310 1140 431 1173 sunt?
480 1140 586 1174 Inter
611 1141 678 1175 has
704 1141 822 1186 Algas
857 1141 994 1176 Corall.
1035 1140 1282 1176 Salicorniam
1320 1141 1424 1186 (pag.
1452 1141 1533 1186 314)
1562 1152 1652 1175 enu-

108 1197 321 1230 enumerat!
360 1196 595 1232 Varietatem
634 1198 781 1243 Speciei
819 1210 865 1232 ex
902 1199 978 1233 oris
1016 1199 1132 1234 Novae
1170 1199 1384 1234 Hollandiae
1423 1198 1652 1234 memoravit

108 1253 266 1298 Sonder,
293 1266 401 1298 quam
430 1267 520 1290 vero
546 1256 672 1300 potius
700 1256 747 1290 ad
773 1256 963 1291 diversam
990 1257 1155 1302 speciem
1183 1255 1380 1302 pertinere
1405 1259 1592 1301 putarem.

107 1337 145 1377 2.
177 1334 221 1378 C.
254 1351 387 1379 Minoa
417 1338 570 1392 (δοκεῖ.
605 1337 702 1392 Algs.
740 1338 867 1392 Trop.
904 1339 1010 1381 Nov.
1051 1338 1167 1381 Holl.
1197 1353 1243 1392 20.
1276 1340 1351 1395 24)
1389 1338 1542 1393 fronde
1581 1339 1646 1381 in-

221 1405 340 1447 ferne
371 1406 655 1458 caulescente‚
686 1421 785 1450 mox
815 1408 1317 1459 articulato-constricta,
1340 1408 1535 1450 articulis
1556 1408 1650 1450 dia-

220 1478 359 1517 metro
391 1476 574 1529 4-—Gplo
605 1476 887 1531 longioribus,
921 1478 1016 1519 basi
1055 1478 1207 1520 eximie
1239 1478 1495 1527 constrictis,
1527 1479 1649 1532 apice

220 1543 579 1592 nodoso-inflatis,
613 1559 638 1587 a
669 1547 827 1588 vertice
873 1546 1055 1588 dilatato
1093 1561 1236 1589 ramos
1269 1561 1381 1600 saepe
1412 1548 1535 1590 binos
1574 1563 1647 1602 op-

219 1613 382 1666 positos
414 1617 612 1666 patentes
644 1614 767 1656 caule
798 1615 985 1657 minores
1022 1615 1330 1665 emittentibus,
1363 1616 1560 1658 coccidiis
1592 1616 1648 1658 ad

223 1696 368 1724 ramos
415 1682 680 1725 densissimis
730 1682 773 1726 C.
809 1684 1055 1727 Salicormssa
1100 1699 1190 1727 var.
1231 1687 1370 1728 mmor
1403 1685 1529 1729 Sond.
1562 1686 1588 1727 l.
1619 1700 1651 1728 c.

227 1751 332 1793 Ταῦ.
366 1752 459 1794 III
481 1753 550 1805 figs.
584 1753 735 1794 6-11.

306 1819 418 1862 Hab.
451 1821 506 1862 ad
537 1821 706 1863 Insulas
739 1821 959 1864 Marianas
991 1827 1035 1865 et
1065 1822 1228 1865 Novam
1265 1821 1543 1865 Hollandiam
1576 1837 1646 1864 su-

485 1891 712 1944 periorein.

110 1972 148 2014 3.
180 1971 224 2014 G.
257 1971 438 2014 CACALIA
469 1973 537 2027 (J.
572 1973 653 2028 Ay.
689 1974 759 2027 Sp.
783 1988 830 2027 p.
864 1975 966 2030 583)
998 1974 1150 2017 fronde
1180 1974 1347 2016 inferne
1378 1976 1649 2017 caulescente

221 2044 394 2082 sursum
438 2042 608 2095 longius
655 2043 870 2093 continua,
911 2057 1019 2098 vage
1054 2058 1237 2094 ramosa,
1271 2044 1403 2086 ramis
1435 2045 1491 2085 ad
1522 2045 1647 2086 basin

219 2124 374 2164 parum
407 2112 657 2163 attenuatis,
697 2112 993 2165 superioribus
1031 2112 1543 2162 articulato-constrictis,
1577 2127 1646 2154 ra-

221 2178 349 2219 mulis
380 2178 636 2221 lateralibus
668 2184 745 2221 aut
775 2180 829 2222 ab
861 2181 982 2234 apice
1014 2180 1219 2222 solitariis
1242 2181 1474 2234 geminisve
1497 2180 1650 2222 clavae-

222 2246 447 2296 formibusa
494 2247 690 2289 articulis
730 2248 943 2290 diametro
982 2248 1166 2302 4—5plo
1199 2249 1480 2302 longioribus,
1513 2249 1648 2291 cocci·

219 2315 302 2356 diis
333 2314 388 2355 ad
420 2328 562 2357 ramos
593 2316 830 2359 adultiores
861 2317 1141 2359 densissimis.

372 2383 482 2426 Hab.
515 2385 559 2425 in
590 2387 701 2427 mari
732 2387 879 2429 rubro.

108 2464 146 2505 4.
179 2463 224 2506 C.
255 2478 433 2505 OPUNTIA
464 2464 532 2518 (J.
565 2464 647 2518 Ay.
679 2468 826 2522 mser.)
864 2466 1017 2508 fronde
1048 2467 1214 2508 inferne
1246 2467 1449 2508 continua
1481 2466 1650 2508 decom-

219 2534 631 2589 posito-dichotoma
677 2537 998 2590 subfastigiata,
1045 2539 1177 2579 ramis
1224 2537 1521 2590 superioribus
1552 2538 1649 2591 plus

221 2604 362 2645 minus
395 2604 615 2645 evidenter
647 2606 1148 2648 articulam-constrictis
1187 2606 1456 2656 dichotomis,
1490 2606 1650 2647 articu-

220 2672 274 2714 lis
306 2672 479 2713 demum
510 2672 822 2726 pyriformibus
855 2674 1068 2715 diametro
1100 2673 1233 2727 duplo
1256 2674 1539 2727 longioribus.
1573 2674 1650 2717 Co—

221 2740 319 2783 wll.
351 2740 551 2782 cacalia?
583 2741 721 2784 Harv.
754 2742 853 2796 Alf).
887 2740 998 2797 Geyl.
1034 2756 1103 2785 mo
1137 2743 1201 2784 30.

373 2808 484 2852 Hab.
516 2809 572 2852 ad
603 2807 849 2865 Ceylonarn.
