1762 3036
18 108 21 112 ”
79 109 287 163 Lyyistes.
641 100 1040 144 CRYPTONEmAcaAE.
1539 98 1558 137 1
1568 98 1587 137 1
1596 96 1619 137 9

77 221 196 264 filum
226 218 566 263 obtusiusculum
604 215 853 259 brevissime
899 213 1192 263 articulatum,
1239 210 1375 266 (infra
1419 209 1620 252 cellulam

78 288 344 333 terminalem
389 285 783 340 monosiphoniam)
829 282 1091 336 adparenter
1137 280 1500 337 polysiphonium,
1547 279 1622 320 fila

77 357 331 403 verticillata
362 356 574 407 emittens,
606 367 792 409 quorum
829 351 915 394 alia
951 356 1204 393 excrescunt
1235 351 1310 392 fila
1349 349 1622 404 peripherica

77 427 238 472 frondis
268 425 523 476 formantia3
556 424 642 465 alia
672 420 974 472 deflectuntur,
1007 433 1128 462 secus
1160 433 1285 462 axem
1306 419 1556 469 decurrunt,
1580 422 1623 459 et

77 511 171 540 cum
200 495 348 537 vicinis
380 494 563 548 sparsim
595 490 977 539 anastomosantia,
1019 493 1110 531 rete
1141 489 1312 531 filorum
1343 492 1468 530 extra
1498 500 1622 529 axem

76 565 297 621 proprium
328 562 528 613 efficiunt,
562 575 692 603 novos
731 557 959 601 fasciculos
1005 562 1329 612 generaturum.
1390 557 1526 598 Frons
1557 555 1622 596 in-

75 635 206 677 ferior
237 636 406 675 constat
437 632 550 674 tubis
581 629 833 672 incrassatis
878 627 1066 683 hyalinis
1112 625 1489 681 longitudinaliter
1534 624 1622 666 dis-

75 703 237 758 positis,
269 702 452 743 invicem
483 699 726 742 intertextis
758 701 804 739 at
833 696 1061 750 conspicue
1094 695 1360 737 distantibus
1385 697 1427 736 et
1448 696 1621 735 anasto-

75 772 265 814 mosibus
297 769 590 812 conformibus
621 767 802 809 invicem
833 765 1085 820 conjunctis,
1120 763 1271 817 spatiis
1303 763 1416 804 inter
1447 764 1622 804 anasto-

76 853 214 882 moses
245 837 424 880 cellulas
455 836 712 879 rotundatas
743 833 1063 877 mentientibus.
1114 832 1209 873 Fila
1240 831 1450 881 tenuiora,
1482 829 1623 871 canali

78 907 313 950 articulato
345 906 536 948 colorato
567 904 767 959 praedita,
790 917 911 945 secus
933 915 1058 944 axem
1079 901 1254 954 insuper
1277 902 1453 942 externe
1471 898 1622 940 decur-

75 980 191 1027 runt,
226 989 338 1017 nunc
370 988 554 1029 quoque,
585 973 620 1015 si
641 973 722 1014 rite
745 985 836 1013 rem
857 970 1051 1022 viderim,
1074 969 1187 1011 inter
1209 968 1336 1010 tubos
1358 967 1541 1022 majores
1558 967 1622 1008 in-

74 1044 296 1095 troducta3
329 1058 380 1085 ex
411 1042 478 1084 his
508 1042 605 1084 novi
640 1040 835 1082 fasciculi
865 1039 1037 1081 filorum
1058 1037 1185 1080 strati
1206 1035 1422 1079 corticalis
1444 1035 1624 1078 formari

76 1112 288 1154 videntur.
348 1110 443 1152 Fila
472 1109 745 1164 peripherica
774 1108 896 1149 nulla
918 1109 1168 1148 membrana
1188 1105 1399 1148 exteriore
1421 1104 1622 1155 cohibita,

77 1195 188 1223 nunc
219 1180 263 1221 in
292 1179 366 1221 filo
397 1178 606 1220 conformi
652 1176 756 1219 axili
787 1177 852 1231 (in
882 1189 1053 1217 ramum
1098 1174 1390 1229 excrescente)
1435 1171 1623 1214 verticil-

76 1250 178 1302 lata,
210 1263 323 1290 nunc
353 1249 397 1290 in
429 1248 624 1291 breviore
656 1245 1012 1297 sub-umbellam,
1044 1243 1245 1286 umbellae
1276 1243 1408 1284 ramis
1430 1242 1623 1283 dichoto-

13 1338 18 1343 ·
76 1320 169 1371 mis,
209 1319 353 1361 axillis
399 1332 622 1360 ramorum
669 1317 859 1359 omnium
905 1314 1167 1369 patentibus,
1214 1311 1624 1355 endochromatibus

77 1387 438 1430 moniliformibus
466 1377 586 1428 intra
615 1385 913 1427 membranam
945 1383 1211 1437 ampliorem,
1243 1380 1451 1436 geniculis
1482 1385 1624 1441 trans-

77 1456 316 1499 versalibus
347 1455 637 1497 articulatam.
698 1453 979 1508 Cystocarpia
1009 1452 1123 1493 inter
1162 1465 1306 1492 ramos
1349 1448 1624 1490 fasciculatos

79 1527 174 1577 sita,
206 1530 249 1568 et
279 1525 469 1567 umbella
513 1513 979 1574 ramulorum'cincta,
1026 1521 1184 1563 favella
1230 1520 1274 1561 in
1319 1520 1437 1561 lobos
1477 1517 1625 1571 plures

79 1608 426 1650 quoquoversum
459 1594 680 1635 radiantes
711 1606 867 1646 parum
899 1591 1127 1644 conspicue
1161 1589 1299 1631 divisa
1319 1589 1530 1638 {constare
1563 1586 1624 1627 vi-

79 1664 247 1705 dentur.
289 1662 533 1705 Gemmidia
562 1659 1029 1715 rotundato-angulata
1056 1662 1133 1700 aut
1152 1658 1243 1700 fere
1265 1657 1485 1707 obconica,
1508 1656 1626 1697 intra

79 1731 272 1786 singulos
302 1731 423 1774 Iolcos
455 1726 698 1772 numerosa*
717 1730 956 1784 conjuncta.

194 1799 412 1849 Suadente
445 1802 666 1840 structura
696 1797 908 1840 consimili
938 1797 1065 1838 strati
1095 1795 1312 1838 corticalis
1344 1795 1528 1848 speciem
1560 1797 1624 1848 ty-

80 1869 221 1923 picam
265 1868 320 1909 ad
366 1867 689 1909 Nemastomam
735 1866 836 1909 olim
883 1865 1033 1917 1·etuli;
1079 1868 1266 1906 stratum
1304 1877 1403 1905 vero
1442 1862 1625 1904 interius

81 1937 252 1980 abunde
298 1937 528 1987 diversum,
575 1937 720 1979 Genus
766 1936 989 1990 proprium
1035 1935 1148 1976 inter
1194 1933 1544 1987 Calosiphoniam
1583 1935 1625 1973 et

82 2008 405 2049 Nemastomam
438 2007 742 2048 intermedium
774 2019 950 2060 poscere
981 2004 1164 2047 videtur.

84 2101 118 2140 1.
154 2100 199 2141 L.
235 2112 531 2140 VERMmULAffls
564 2097 631 2152 (J.
665 2097 746 2152 Ay.
783 2098 855 2151 Sp.
886 2112 933 2151 p.
970 2097 1070 2152 163>
1107 2095 1259 2137 fronde
1295 2094 1624 2149 gelatinosodu-

195 2168 314 2209 brica
343 2168 510 2209 inferne
541 2169 784 2209 incrassata
816 2182 987 2209 sursum
1016 2167 1236 2220 ramisque
1258 2165 1492 2219 majoribus
1514 2167 1623 2204 atte-

196 2237 351 2288 nuatis,
398 2238 531 2278 ramis
578 2252 761 2290 superne
809 2236 1048 2277 numerosis
1101 2234 1366 2287 ramulisque
1412 2232 1623 2286 elongatis

194 2305 320 2359 longe
366 2306 602 2347 attenuatis
649 2306 715 2360 (in
761 2305 997 2360 exsiccata)
1044 2304 1246 2345 facillime
1294 2301 1621 2344 confluentibus.

202 2376 478 2417 Nenmstomcc
508 2374 804 2417 verem'cselolafrc’s
835 2373 881 2416 J.
914 2372 995 2428 Ass.
1028 2374 1053 2414 l.
1084 2389 1114 2414 c.

348 2444 456 2486 Hal).
488 2445 532 2485 in
563 2445 672 2486 mari
704 2444 933 2487 Gaditano.

84 2571 211 2621 ΧΧΙῙ-
251 2572 596 2630 SOHIZYMENIA
633 2583 678 2626 J.
709 2583 791 2637 Ay.
831 2582 904 2635 Sp.
928 2597 975 2634 p.
1011 2582 1100 2621 169.
1152 2578 1425 2631 Platgymem‘a
1461 2576 1506 2619 J.
1539 2576 1620 2630 Ay.

196 2654 289 2697 Act.
325 2653 466 2695 Holm.
501 2653 604 2693 1847
631 2667 679 2705 p.
711 2653 760 2692 87
794 2651 900 2705 (non
931 2649 1122 2703 Reum).

86 2759 221 2812 Frons
254 2755 589 2809 carnoso-plana
620 2756 790 2809 integra
821 2759 897 2795 aut
927 2754 1128 2803 lacerata,
1162 2751 1243 2792 filis
1275 2751 1487 2805 elongatis
1518 2751 1623 2792 arti-

198 2826 352 2868 culatis
384 2839 512 2879 parce
543 2825 724 2866 ramosis
757 2823 1007 2865 densissime
1037 2820 1280 2862 intertextis
1313 2823 1497 2861 stratum
1525 2834 1622 2862 cen-
