1757 3114
98 96 179 137 428
651 93 1069 135 SPHAERococcornnAE.
1443 93 1633 146 Tylotus.

211 209 337 250 miter
368 221 569 262 expansa,
602 207 891 260 subpinnatim
936 219 1042 259 vage
1081 206 1226 255 divisaq
1259 206 1490 261 segmentis
1521 205 1629 247 line-

209 276 505 330 ari-oblongis,
538 275 769 317 admodum
801 275 970 322 crassis,
1002 275 1197 326 margine
1229 274 1528 316 subrevolutis.

214 345 322 386 Hab.
354 344 409 385 ad
439 357 536 385 oras
578 343 1035 385 austro-occidentales
1067 342 1195 384 Novae
1229 343 1468 384 Hollancliae
1500 341 1632 396 (Har-

366 412 460 467 vey!
495 412 599 454 Miss
631 412 894 467 BunburyO.

101 601 207 650 (ῚΙΙ.
247 602 476 652 TYLOTUS
512 610 558 653 J.
590 611 670 664 Ay.
702 625 824 654 mser.

102 717 238 759 Frons
270 718 400 770 plana
432 716 977 758 membranaceo-coriacea
997 715 1336 766 di-triolmtoma,
1359 717 1506 758 stratis
1530 717 1634 759 (luo-

216 789 294 826 bus
340 790 557 828 contexta:
604 785 882 827 interioribus
937 783 1100 825 cellulis
1146 784 1635 838 rotundam-angulatis,

217 853 483 907 superficiem
513 868 660 895 versus
693 854 850 894 sensim
881 853 1131 902 minoribus,
1165 852 1439 894 corticalibus
1460 854 1636 895 minutis

215 923 258 963 in
291 922 365 963 fila
397 922 618 964 verticalia
649 922 895 976 conjunctis.
939 920 1134 963 Coceidm
1158 935 1289 974 supra
1310 922 1510 975 paginam
1535 923 1634 964 sub-

215 1005 382 1032 emersa
422 990 990 1044 depresso-hemisphaerica,
1038 990 1156 1030 intra
1200 990 1488 1042 pericarpium
1520 1004 1634 1031 cras-

214 1074 321 1109 sum,
355 1059 521 1101 cellulis
566 1059 865 1100 multiseriatis
910 1058 1108 1111 plurimis
1154 1058 1334 1098 radiatis
1375 1062 1633 1106 contextum,

213 1128 385 1169 demum
432 1128 720 1181 carpostomio
767 1130 979 1180 apertum„
1025 1125 1222 1167 nucleum
1270 1126 1634 1179 subcompositum

212 1197 420 1243 foventia:
452 1194 652 1250 placenta
682 1195 844 1237 basalis
885 1195 1212 1248 hemisphaerica
1250 1207 1499 1248 permagna,
1548 1194 1632 1235 cel-

214 1264 313 1306 lulis
358 1265 533 1306 minutis
580 1264 796 1317 angulatis
841 1267 1054 1311 contexta,
1087 1276 1112 1302 a
1144 1261 1367 1315 superficie
1414 1263 1633 1315 superiore

211 1334 435 1387 exsculpta
466 1333 625 1386 cryptis
657 1331 1016 1385 cupuliformibus
1049 1345 1220 1372 sursum
1252 1331 1426 1383 apertis,
1459 1344 1485 1371 a
1516 1331 1632 1384 pari-

211 1402 351 1443 ctibus
382 1400 660 1442 circumcirca
690 1400 763 1441 fila
794 1399 1107 1453 gemmidiifera
1138 1413 1308 1440 sursum
1330 1403 1541 1452 porrecta,
1564 1413 1633 1441 ar-

212 1469 392 1510 ticulata
436 1468 886 1510 ramoso-fasciculata
930 1469 1109 1509 invicem
1149 1467 1288 1509 libera
1319 1468 1631 1519 emittentibus3

214 1540 444 1593 gemmiclia
474 1540 518 1580 in
551 1539 744 1580 articulis
776 1538 987 1591 supremis
1028 1536 1217 1578 obovatis
1256 1537 1635 1590 superioribusque

216 1609 413 1661 oblongis
447 1608 603 1649 sensim
641 1606 1029 1648 maturescentibus
1075 1605 1235 1646 seriata
1280 1604 1634 1658 oblongo-rotun-

211 1677 325 1718 data.
390 1676 706 1729 Sphoerosporce
746 1675 789 1715 in
834 1673 1015 1715 maculis
1062 1672 1257 1726 oblongis
1302 1673 1633 1714 nematheciosis

212 1759 333 1786 secus
364 1744 506 1785 media
538 1748 760 1798 segmenta
797 1742 966 1784 seriatis
998 1741 1190 1792 evolutae,
1213 1742 1327 1782 inter
1350 1745 1633 1794 paranemata

216 1826 388 1866 sparsae,
422 1812 610 1853 zonatim
642 1812 801 1852 divisae.

214 1930 384 1984 Species
415 1931 559 1985 typica
592 1930 717 1983 hujus
749 1930 929 1971 Generis
960 1930 1075 1981 apud
1113 1928 1351 1970 Sonderum
1390 1927 1633 1981 Rhodyme-

101 2000 181 2040 niae
215 2000 374 2052 species
406 1998 689 2045 considerata,
722 1997 836 2051 apud
869 1998 1038 2051 Harvey
1060 2001 1106 2037 ut
1128 1996 1288 2049 species
1318 1994 1633 2049 quodammodo

100 2068 234 2109 dubia
264 2067 459 2109 Curdieae
497 2072 794 2115 enumeratum
839 2066 1132 2108 diversitatem
1171 2064 1388 2118 quandam
1418 2064 1558 2105 nuclei
1589 2065 1633 2105 in

101 2136 324 2190 speciebus
356 2136 482 2189 hujus
514 2136 683 2188 generis
714 2135 831 2183 vidit„
867 2133 1156 2176 differentiam
1188 2146 1286 2174 vero
1308 2146 1392 2174 non
1417 2132 1631 2173 indicavit.

100 2204 168 2246 Me
200 2205 454 2246 observante
485 2204 660 2245 nucleus
691 2203 734 2243 in
767 2202 916 2257 Tyloto
948 2207 1013 2243 est
1042 2215 1160 2242 more
1191 2200 1443 2242 Gracilariae
1475 2201 1633 2255 cryptis

102 2288 223 2315 secus
256 2276 422 2326 partem
462 2285 706 2325 supremam
754 2270 1089 2323 liemisphaericae
1136 2269 1344 2323 placentae
1389 2269 1632 2322 exswlptis,

101 2342 222 2383 initio
253 2341 391 2393 magis
423 2339 809 2393 pateraeformibus,
842 2339 1013 2379 demum
1045 2338 1180 2391 magis
1212 2337 1386 2390 apertis,
1409 2350 1435 2377 a
1456 2337 1632 2390 parieti-

101 2411 180 2452 bus
212 2409 489 2450 circumcirca
519 2407 591 2448 fila
621 2407 933 2461 gemmidiifera
954 2406 1249 2448 emittentibus
1270 2406 1518 2446 instructus.
1583 2405 1631 2446 In

103 2478 146 2519 C.
164 2478 368 2519 laciniata
389 2482 480 2519 tota
502 2477 699 2530 placenta
716 2490 872 2530 magna
889 2476 1214 2529 hemisphaerica
1229 2474 1303 2515 fila
1320 2473 1633 2527 gemmidiifera

105 2559 449 2600 quoquoversum
481 2559 506 2586 a
537 2544 760 2598 superficie
792 2544 1008 2585 radiantia
1039 2544 1209 2584 emittit.
1269 2542 1363 2582 Fila
1393 2541 1632 2595 gemmidii-

103 2616 196 2657 fera
227 2615 453 2668 utriusque
499 2614 731 2655 admodum
761 2613 948 2655 diversa:
981 2613 1023 2653 in
1055 2611 1255 2653 Curdiaea
1293 2610 1505 2664 elongata
1538 2610 1632 2651 basi

104 2683 378 2738 cylindracea
409 2683 701 2736 stipatissima
733 2696 915 2736 superne
946 2660 1252 2722 moniliformia
1282 2680 1461 2721 invicem
1482 2678 1631 2730 liber,a

104 2752 147 2792 in
178 2751 372 2792 articulis
403 2751 697 2804 superioribus
729 2750 958 2804 crzemmidii
989 2749 1144 2804 oblong
1150 2764 1174 2790 a
1196 2749 1368 2799 seriata,
1393 2746 1519 2789 simul
1542 2761 1631 2788 1111-

105 2819 382 2870 turescentia,
417 2833 645 2860 numerosa
676 2819 880 2860 foventia:
904 2819 946 2858 in
978 2817 1129 2872 Tyloto
1160 2822 1260 2860 sunt
1290 2815 1539 2858 abbreviata
1569 2815 1631 2855 fa-
