1757 3114
86 131 167 173 :364
232 105 243 113 -
642 136 1026 180 RHODYMENIACEAE.
1295 138 1616 193 Rhodophyllis.

177 245 271 280 Mihi
297 246 444 291 ignotag
474 259 534 281 sec
560 247 710 293 I‘Iarvey
736 251 760 283 l.
788 263 818 283 c.
847 250 927 284 haec
954 251 1054 285 inter
1080 251 1197 295 Algas
1224 251 1373 286 Exsicc.
1401 255 1518 286 austr.
1547 253 1614 286 sub

50 314 53 315 ⁷
86 313 146 335 nto
173 303 251 346 390,
278 304 428 338 nomine
450 305 721 350 Callophyllis?
749 318 916 352 expansa
933 307 1048 341 Harv.
1067 318 1180 342 mscr.
1198 307 1384 354 insignita
1401 308 1614 343 obveniret.

86 357 159 392 Sed
184 360 251 393 sub
278 372 338 393 n:o
364 360 477 394 allato
504 361 655 396 omnino
681 363 831 397 diversa
857 363 1002 408 species
1030 364 1151 407 adest,
1177 374 1246 397 nec
1272 365 1340 398 sub
1367 364 1439 399 alio
1457 376 1614 400 numero

84 419 329 450 memoratam
358 417 396 450 C.
424 428 628 461 expansam
654 419 776 454 video.
826 420 1001 464 Analysis
1039 420 1276 464 Harveyana,
1308 420 1399 455 licet
1424 421 1524 456 haud
1549 434 1613 467 op-

85 473 189 517 tima,
215 474 533 518 Rh‹›do1:›]1yllidis
562 476 725 520 speeiem
751 478 955 522 genuinam
981 478 1121 522 prodit.

84 570 120 609 ὃ,
152 568 230 609 RH.
263 582 583 610 AcAN'rHOCAuPA
613 569 773 623 (Ham.
809 569 876 612 Fl.
913 572 1017 613 Nov.
1051 572 1137 614 Zel.
1171 573 1238 614 ΙΙ.
1261 586 1307 624 p.
1331 574 1431 628 251)
1463 573 1614 615 fronde

198 636 442 677 dichotoma
463 642 505 677 et
527 654 551 678 a.
570 639 762 691 margine
781 640 1052 692 subpinnata,
1072 641 1212 694 pinnis
1231 641 1613 695 oblongo-lineari-

196 706 276 747 bus
308 705 401 747 basi
433 706 601 759 longius
634 709 888 761 angustatis,
926 710 1045 763 apice
1083 711 1399 761 obtusiusculis,
1440 711 1612 753 demum

195 774 340 828 ligulis
372 775 548 818 minutis
581 778 836 819 acuminatis
868 779 1141 833 dentatisque
1172 782 1411 822 numerosis
1433 782 1612 823 circum-

196 843 311 884 circa
355 843 596 896 fimbriatis,
643 847 921 900 cystocarpiis
958 847 1012 888 ad
1044 848 1168 889 basin
1198 848 1467 891 fimbriarum
1512 851 1613 892 sub-

195 912 398 967 utrinque
445 915 712 967 prominulis,
760 916 1076 971 denticulisque
1122 918 1384 960 abbreviatis
1430 919 1612 961 fimbriae

195 982 422 1034 superatis,
455 982 765 1037 sphaerosporis
798 1019 805 1026 .
840 1019 847 1025 .
880 1019 887 1026 .
921 1018 927 1025 .
977 984 1257 1039 Callophyllis
1298 987 1611 1041 acanthocarpa

195 1049 331 1092 Hal-v.
365 1050 390 1092 l.
422 1065 454 1093 e.

192 1118 303 1160 Hab.
335 1119 390 1160 ad
421 1120 584 1161 Novam
616 1121 884 1174 Zelandiam3
924 1124 978 1165 ad
1017 1125 1100 1166 Ins.
1140 1123 1323 1168 Chatam
1355 1126 1612 1183 (Travers!).

169 1210 431 1246 Pulcherrima
445 1212 591 1257 species
612 1218 650 1248 et
669 1213 971 1260 distinctissima,
992 1217 1081 1252 licet
1099 1217 1221 1262 primo
1239 1219 1381 1252 intuitu
1400 1219 1613 1264 Callophyl-

78 1269 146 1302 lid.
173 1268 467 1305 Hombronianae
493 1271 608 1306 Harv.
635 1273 761 1308 forsan
788 1274 945 1308 nimium
972 1276 1268 1320 adpropinquari
1287 1277 1494 1311 videretur.
1543 1278 1613 1312 Ac-

78 1326 244 1360 curatius
270 1326 482 1372 inspectam
508 1329 546 1363 in
573 1330 745 1365 omnibus
772 1331 849 1365 fere
868 1334 1009 1376 praeter
1030 1332 1199 1367 habitum
1219 1333 1407 1368 diversam
1426 1335 1613 1369 invenies.

79 1382 325 1427 Cystocarpia
350 1385 490 1419 aculeis
518 1387 743 1431 prominulis
770 1388 966 1423 horridula
988 1390 1063 1434 jam
1092 1394 1289 1425 externam
1308 1395 1436 1425 notam
1455 1391 1614 1426 diversi-

77 1439 168 1474 tatis
196 1440 375 1484 offerunt3
407 1442 574 1478 dissecta
600 1447 829 1479 structuram
857 1447 1177 1492 Rhodophyllidis
1205 1448 1283 1482 fere
1310 1449 1488 1493 produnt.
1531 1449 1613 1483 Pla-

76 1500 188 1531 centa
212 1497 388 1532 nimirum
415 1500 524 1534 adest
552 1523 590 1526 -—
616 1502 694 1536 fere
719 1503 839 1545 magis
867 1515 976 1547 quam
1003 1504 1039 1537 in
1067 1505 1149 1538 aliis
1178 1505 1373 1549 speciebus
1402 1507 1612 1541 evoluta—-

76 1554 227 1598 oblique
255 1567 275 1589 a
299 1556 413 1600 plexu
451 1558 634 1601 peculiari
672 1560 920 1603 adscendens,
959 1561 1041 1605 ipsa
1078 1562 1255 1606 elongata
1282 1565 1321 1596 et
1345 1563 1391 1597 ad
1417 1563 1612 1598 dimidiam

74 1610 317 1647 altitudinem
344 1614 469 1648 nuclei
497 1615 712 1660 conspicua,
739 1617 778 1650 in
804 1629 926 1651 ramos·
954 1618 1084 1652 abiens
1110 1620 1238 1663 plures
1263 1624 1302 1654 et
1319 1621 1513 1656 nucleolos
1541 1622 1612 1655 cir-

75 1669 262 1703 cumcirca
287 1671 482 1705 radiantes
510 1673 721 1715 sustinens:
761 1675 862 1708 inter
899 1676 1090 1710 nucleolos
1122 1676 1186 1710 fila
1212 1677 1414 1712 articulata
1438 1679 1613 1714 tenuiora

75 1736 95 1758 a
120 1726 299 1769 placenta
326 1728 371 1761 ad
397 1729 549 1772 plexum
577 1730 650 1763 filis
678 1731 938 1766 consimilibus
974 1734 1225 1767 concentricis
1264 1735 1527 1779 constitutum,
1556 1740 1610 1771 to-

75 1787 156 1818 tuin
183 1786 355 1820 necleum
383 1789 632 1832 compositum
660 1790 903 1833 ambien¹em,
944 1793 1119 1826 tendunt.
1171 1792 1325 1828 (fellulae
1365 1798 1610 1841 praegnantes

75 1842 133 1874 sat
158 1852 305 1885 magnae
332 1843 538 1887 gemmidia
563 1845 721 1889 plurima
752 1850 854 1880 arcte
882 1849 1111 1890 conglobata
1135 1848 1265 1883 fovent
1291 1870 1333 1873 -—
1358 1850 1436 1884 fere
1462 1851 1610 1886 diceres

75 1897 232 1931 cellulas
259 1904 506 1944 praegnantes
534 1902 837 1947 Callophyllidis,
864 1908 903 1938 at
929 1905 1029 1939 circa
1054 1906 1267 1950 placentam
1287 1907 1494 1942 radiantes.
1523 1909 1610 1942 Car-

73 1953 300 1998 postomium
326 1967 429 1990 more
456 1957 775 2003 Rhodophyllidis
797 1952 946 1995 cellulis
966 1962 1138 2005 radiatis,
1158 1963 1308 1997 demum
1329 1965 1610 2010 secedentibus,

73 2011 227 2045 formari
253 2013 420 2048 videtur:
448 2016 546 2058 quod
576 2028 664 2051 vero
691 2020 982 2062 carpostomium
1011 2032 1079 2054 nec
1116 2021 1197 2054 basi
1235 2022 1421 2065 placentae
1461 2023 1610 2067 opposi-

72 2071 165 2112 tum,
194 2081 263 2103 nec
290 2071 448 2115 apicale,
479 2073 543 2106 sed
571 2074 763 2117 obliquum
792 2078 827 2109 et
855 2077 998 2120 pluries
1026 2077 1102 2110 vidi
1131 2077 1239 2111 basin
1262 2079 1450 2122 placentae
1478 2092 1609 2114 versus

73 2126 389 2171 adproximatum.
446 2129 607 2173 Reliqua
643 2143 729 2175 pars
767 2133 972 2177 pericarpii
1011 2134 1158 2167 cellulis
1195 2135 1316 2180 magis
1355 2137 1609 2172 concentricis

71 2185 235 2227 constat,
263 2185 433 2219 externis
453 2187 882 2231 angulato-rotundatis,
902 2189 1149 2224 interioribus
1169 2192 1359 2236 oblongis,
1379 2192 1524 2227 intimis
1544 2206 1610 2228 nu-

71 2239 194 2274 cleum
221 2241 474 2276 ambientibus
501 2242 578 2277 fere
605 2243 643 2277 in
670 2245 733 2278 fila
760 2246 933 2280 tenuiora
970 2248 1311 2282 submoniliformia
1349 2250 1519 2285 articulis
1547 2253 1610 2286 ob-

70 2297 194 2343 longis
222 2302 488 2334 transniutata.
538 2300 629 2335 Haec
655 2302 788 2336 intima
814 2304 858 2337 ab
886 2303 1016 2337 eodem
1044 2316 1085 2338 ac
1111 2306 1285 2349 placenta
1324 2307 1437 2350 plexu
1475 2320 1607 2351 prove-

70 2354 182 2388 niunt
207 2358 245 2389 et
271 2355 371 2389 circa
396 2357 570 2391 nucleum
597 2359 850 2398 concentrica,
871 2359 969 2393 hunc
988 2361 1093 2403 quasi
1115 2373 1180 2396 suo
1199 2363 1376 2407 amplexu
1394 2364 1605 2399 continent.

71 2412 160 2456 Quae
189 2413 342 2456 quidem
369 2413 494 2447 omnia
520 2415 703 2457 ejusmodi
734 2419 834 2452 sunt.
862 2419 903 2450 ut
929 2428 1010 2450 cum
1038 2421 1231 2452 structura
1249 2420 1373 2454 nuclei
1393 2421 1606 2466 Callophyl-

69 2469 415 2518 lidishcomparata,
444 2475 575 2516 typum
607 2472 806 2507 evidenter
844 2474 1005 2508 alienum
1045 2475 1321 2511 demonstrant..
1371 2478 1448 2512 Nec
1476 2491 1604 2523 super-

70 2526 172 2560 ficies
198 2526 356 2569 frondis,
384 2529 452 2562 sub
478 2529 727 2574 microscopio
754 2530 846 2573 visa,
873 2534 1002 2575 typum
1031 2532 1318 2577 (s'allophyllidis
1358 2535 1529 2570 exhibet:
1566 2536 1605 2570 in

70 2583 140 2617 Rh.
169 2585 458 2629 acanthocarpa.
486 2585 518 2619 si
543 2586 639 2619 bene
664 2590 881 2631 praeparata
906 2589 1156 2627 examinatur,
1177 2591 1322 2624 areolas
1351 2591 1462 2625 strati
1488 2592 1601 2626 corti-

69 2640 161 2672 calis
189 2641 386 2684 angulatas
413 2642 561 2676 cellulis
588 2643 796 2677 minoribus
824 2644 1006 2677 stellatim
1034 2645 1271 2680 radiantibus
1299 2647 1399 2692 cingi
1427 2648 1601 2693 adparet3

69 2696 193 2730 media
219 2709 353 2742 nempe
380 2709 466 2743 pars
494 2700 641 2734 cellulae
669 2703 728 2734 est
754 2701 854 2734 nuda
879 2703 916 2734 et
954 2703 1179 2746 prominula,
1217 2703 1456 2748 peripherica
1493 2709 1601 2749 parte

69 2756 171 2787 tecta
197 2755 344 2788 cellulis
372 2756 580 2790 minoribus
607 2758 823 2792 rotundatis
850 2778 893 2781 ——
918 2758 995 2791 sere
1022 2764 1061 2792 ut
1089 2760 1239 2794 articuli
1274 2761 1431 2795 Ceramii
1466 2763 1511 2797 ad
1537 2775 1600 2808 ge-

67 2809 193 2843 nicula
218 2811 367 2844 cellulis
394 2812 603 2847 minoribus
623 2817 818 2858 teguntur.
855 2814 943 2857 Quae
964 2815 1114 2858 quidem
1136 2817 1172 2849 in
1191 2817 1372 2861 praesenti
1393 2821 1597 2862 structura,

68 2865 99 2899 si
126 2878 146 2899 a
172 2866 371 2911 superficie
398 2869 649 2914 examinatur,
675 2871 750 2905 fert
777 2870 955 2916 speciem,
982 2872 1087 2915 quasi
1114 2872 1262 2907 cellulis
1302 2873 1486 2908 stellatim
1522 2875 1597 2910 dis-
