1762 3036
85 117 431 171 Rhodoylossum.
771 118 804 160 G
812 132 1054 160 IGARTINEAE.
1540 124 1590 165 18
1597 125 1617 164 7

195 230 391 285 gerrimis
422 229 657 281 undulatis,
690 245 804 272 nunc
826 231 1096 274 brevioribus
1119 247 1144 275 a
1166 234 1365 287 margine
1387 234 1616 287 proliferis,

192 298 348 341 foliolis
395 312 527 351 supra
583 299 773 353 stipitem
817 303 989 341 tenuem
1035 301 1479 353 lineari-lanceolatis,
1520 318 1619 346 raro

194 366 614 418 laciniato-furcatis,
654 368 762 409 soris
804 368 1204 422 sphaerosporarum
1244 371 1618 425 punctiformibus,

196 435 561 490 cystocarpiisque
592 436 760 490 magnis
790 436 995 490 utrinque
1026 438 1295 491 prominulis,
1327 439 1518 481 maculas
1550 454 1619 481 ro—

196 503 353 544 tundas
385 503 704 556 aemulantibus,
736 518 813 558 per
842 504 1017 547 frondes
1050 507 1224 559 sparsis.

348 594 511 637 Variat.
529 612 538 636 ι

83 690 122 717 α.
153 689 486 718 simrmciuscum
517 676 683 729 pedalis
715 679 757 718 et
795 676 924 718 ultra.
987 677 1153 719 Iridcea
1190 677 1434 731 polycarpa
1480 679 1620 722 Ham).

200 745 345 786 Tasm.
367 758 416 798 p.
449 745 559 787 326?

83 825 119 866 b,
151 839 374 867 PROLIFERA
405 824 557 867 fronde
588 825 797 879 primaria
835 825 1103 876 abbreviata,
1137 838 1162 866 a
1193 825 1388 879 margine
1422 825 1618 868 foliifera.

347 892 457 935 Hab.
489 893 545 934 ad
577 907 676 935 oras
708 893 947 935 Tasmaniae
978 893 1111 948 (Dma
1141 892 1412 949 Meredithl).

173 974 279 1008 Hanc
305 973 471 1018 speciem
497 985 581 1008 cum
606 973 700 1007 Irid.
727 974 934 1018 polycarpa
958 973 1075 1007 Harv.
1101 973 1310 1007 identicam
1336 984 1420 1007 0550
1447 973 1620 1017 conjicio.

81 1031 232 1075 Harvey
258 1030 450 1075 expressis
478 1030 606 1064 verbis
633 1029 734 1064 dixit
760 1041 799 1064 sc
826 1041 902 1064 suae
939 1029 1081 1074 speciei
1106 1040 1309 1064 numerosa
1335 1029 1544 1074 specimina
1568 1030 1622 1065 vi-

82 1087 198 1132 disse,
225 1087 351 1122 omnia
376 1087 564 1131 simplicia
588 1087 629 1121 in
665 1087 836 1131 stipitem
872 1089 1027 1120 tenuem
1063 1085 1280 1121 filiformem
1306 1086 1370 1121 vix
1396 1087 1623 1121 canalicula-

82 1147 162 1178 tum
189 1146 400 1187 attenuata,
428 1143 692 1189 magnitudine
719 1144 807 1177 1—2
832 1143 985 1189 pedalia
1009 1146 1048 1178 et
1074 1145 1208 1188 172—ss
1232 1143 1391 1188 pollices
1418 1145 1509 1189 lata,
1537 1147 1623 1181 sub-

81 1200 222 1235 stantia
235 1200 377 1244 tenuia,
392 1200 539 1235 Iridaeae
558 1200 837 1235 Laminarioicle
857 1201 976 1235 multo
995 1200 1182 1245 tenuiora,
1202 1201 1452 1246 cystocarpiis
1472 1203 1621 1248 magnis

81 1258 246 1303 praedita
272 1278 313 1282 —
339 1269 422 1302 quae
448 1257 575 1292 onmia
600 1257 638 1291 111
664 1261 835 1292 nostram
860 1258 956 1292 benc
983 1258 1185 1301 quadrant.
1229 1258 1465 1304 Fragmenta
1488 1271 1624 1294 revera

81 1315 159 1349 vidi
184 1315 263 1349 fere
288 1314 493 1360 bipedalia,
520 1315 769 1359 3——4pollices
794 1315 873 1349 lata
890 1315 1043 1350 omnino
1062 1314 1265 1360 simplicia,
1285 1316 1372 1360 quia
1390 1317 1527 1352 latiora
1543 1317 1622 1352 fere

81 1373 438 1419 oblongo-linearia,
475 1373 738 1417 Halymcniam
764 1373 963 1418 ligulatam
1000 1373 1079 1408 fere
1117 1374 1337 1408 referentia.
1388 1375 1460 1409 Sed
1493 1376 1538 1410 ab
1565 1376 1623 1411 his

85 1430 148 1465 vix
168 1430 292 1476 specie
311 1431 501 1465 diversam
521 1441 658 1465 censeo
678 1430 788 1464 aliam
806 1431 925 1465 multo
944 1430 1144 1475 minorem,
1164 1442 1246 1474 quae
1267 1442 1288 1464 a
1305 1430 1438 1465 fronde
1458 1435 1623 1477 vetusta,

87 1499 224 1533 paucas
250 1488 411 1533 pollices
437 1489 528 1531 alta,
555 1500 576 1521 a
592 1488 765 1533 margine
784 1487 1017 1531 prolificans,
1036 1487 1166 1522 foliola
1184 1499 1386 1523 numerosa
1404 1489 1625 1533 Gpollicaria

84 1549 149 1580 aut
174 1557 305 1590 parum
334 1545 522 1590 longiora,
550 1545 728 1590 pollicem
754 1544 818 1578 vix
845 1545 922 1579 lata
946 1544 1126 1588 utrinque
1158 1544 1309 1590 longius
1337 1548 1535 1581 attenuata
1560 1559 1624 1592 ge-

82 1614 184 1637 rens.
232 1603 373 1638 Nostra
398 1606 457 1637 est
482 1605 597 1636 tenue
623 1602 912 1636 membranacea
938 1604 977 1636 et
1001 1602 1213 1648 marginem
1245 1603 1348 1648 gerit
1386 1603 1449 1637 vix
1476 1604 1625 1648 conspi-

83 1671 152 1694 cue
177 1659 429 1694 incrassatum
455 1660 624 1703 (Harvey
650 1671 725 1693 suae
752 1658 964 1703 marginem
989 1658 1243 1694 incrassatum
1269 1659 1406 1695 tribuit
1418 1661 1456 1705 1).
1491 1661 1624 1696 Exsic-

84 1720 168 1752 cata
192 1717 319 1752 nitens
347 1720 386 1752 et
411 1717 554 1752 chartae
582 1717 766 1760 adhaeret,
794 1717 860 1751 sed
886 1719 928 1751 ut
947 1716 1098 1751 videtur
1117 1717 1255 1751 eximie
1275 1718 1434 1752 elastica
1452 1718 1625 1753 chartam

84 1776 310 1811 contrahere
336 1776 463 1810 tendit
488 1779 526 1810 et
552 1776 621 1810 hoc
648 1775 758 1809 modo
785 1774 927 1809 sensim
953 1786 974 1809 a
998 1775 1139 1820 pagina
1175 1787 1276 1809 nunc
1315 1776 1490 1810 solvitur.
1541 1776 1624 1811 Sori

86 1834 436 1878 sphaerosporarum
475 1832 749 1877 punctiformes
789 1831 987 1865 dimidium
1024 1831 1288 1866 millimctrum
1332 1832 1518 1868 diametro
1562 1833 1625 1867 vix

86 1894 324 1936 superantes,
368 1891 407 1924 in
450 1890 584 1924 fronde
630 1891 1133 1933 subroseo-purpurascente
1179 1889 1432 1933 obscuriores,
1476 1889 1624 1925 facilius

86 1948 292 1994 conspicui.
344 1947 588 1993 Cystocarpia
612 1958 750 1993 magna
776 1946 963 1980 diametro
989 1947 1067 1980 fere
1093 1947 1234 1981 lineam
1260 1947 1464 1992 aequantia.

36 2076 38 2079 v
85 2031 122 2070 4.
154 2029 233 2070 RH.
266 2042 515 2070 LATISSIMUM
545 2027 613 2081 (J.
644 2027 725 2081 Agl.
757 2031 898 2080 mser.)
930 2027 1155 2069 frondibus
1188 2031 1316 2069 tenue
1347 2029 1624 2071 membrana-

198 2098 282 2138 ceis
315 2111 447 2151 supra
478 2097 669 2151 stipitem
699 2096 1023 2150 complanatum
1062 2101 1294 2138 cuneatum
1335 2096 1625 2151 elliptico-ob-

200 2166 339 2220 longis
370 2166 574 2220 utrinque
604 2166 842 2207 attenuatis
874 2165 1142 2219 simplicibus
1189 2165 1332 2207 bifidis
1378 2167 1626 2221 margineve

198 2236 428 2287 laciniatis,
460 2235 629 2277 laciniis
668 2235 823 2276 lineari
870 2235 1080 2289 oblongis,
1127 2235 1408 2290 cystocarpiis
1455 2236 1626 2277 demum

200 2304 405 2357 utrinque
438 2304 704 2357 prominuliS,
739 2304 934 2357 serisque
966 2303 1368 2357 sphaerosporarum
1390 2306 1624 2358 punctifor-

200 2373 342 2414 mibus
372 2386 448 2425 per
478 2376 615 2414 totam
646 2372 736 2413 fere
768 2372 1038 2426 superficiem
1078 2372 1252 2426 sparsis.
1292 2372 1470 2426 Halym.
1503 2374 1626 2416 latis-

201 2442 316 2482 sima
360 2440 495 2482 Hook.
541 2445 576 2482 et
622 2440 759 2482 Hccrv.
809 2440 950 2494 Crypt.
999 2445 1083 2482 ant.
1118 2455 1161 2493 2).
1195 2443 1247 2481 77
1279 2442 1361 2483 tab.
1396 2441 1476 2482 73?
1509 2446 1551 2483 et
1581 2442 1626 2484 J.

203 2508 284 2562 Ay.
320 2508 392 2561 Sp.
417 2523 465 2562 10.
497 2511 590 2550 ⁶204.
641 2511 772 2551 Kz'ite.
819 2510 899 2551 tab.
952 2510 1079 2563 Plzfgye.
1140 2509 1225 2551 Vol.
1276 2510 1404 2552 XVI
1430 2511 1511 2552 tab.
1544 2512 1626 2552 92?

204 2579 316 2621 Irid.
349 2578 568 2620 latissima
600 2579 736 2621 Gran.
774 2580 952 2621 Novam-
975 2593 1021 2632 p.
1055 2580 1106 2620 69
1141 2579 1222 2620 tab.
1255 2578 1420 2632 IXfiq.
1444 2580 1467 2620 3
1493 2581 1633 2622 a—-dl

205 2647 314 2689 Hab.
348 2646 403 2688 ad
433 2646 596 2688 Novam
628 2647 876 2689 Zelandiam
909 2648 1156 2697 australem,
1199 2645 1368 2688 Insulas
1401 2647 1627 2691 Auckland

357 2719 400 2756 et
431 2714 667 2769 Campbell.

182 2797 243 2831 Me
269 2797 414 2830 nullum
443 2796 632 2840 specimen
653 2798 839 2843 originale
858 2798 969 2841 hujus
989 2796 1132 2831 vidisse
1150 2807 1381 2841 magnopere
1401 2797 1521 2831 (10100.
1547 2797 1626 2832 Νο0

92 2854 185 2889 1111111
212 2854 333 2888 adhuc
359 2854 501 2887 clarum
530 2865 625 2888 anne
654 2855 799 2899 species
824 2856 953 2900 plures
981 2855 1050 2889 sub
1077 2853 1227 2888 nomine
1265 2854 1490 2898 Harveyano
1528 2855 1627 2902 apud
