1762 3036
140 119 220 160 170
704 118 1102 162 CRYPTONEMIAOEAE.
1281 120 1670 164 Thamnoclomtum.

139 232 158 253 ’ἕ
193 232 431 275 Frondium
460 232 631 275 reticulo
664 234 866 285 dmzse'ori,
896 237 1035 276 costas
1066 234 1333 288 costulas-que
1364 236 1534 278 omnino
1565 235 1672 277 obte-

245 305 363 354 yeme
384 301 649 355 frondesque
679 306 736 344 ad
761 301 1057 355 per-epheriam
1093 316 1226 355 usque
1263 304 1388 346 dense
1417 304 1675 356 sponyiosas

251 373 526 412 monstrante.

137 475 174 515 6.
206 473 284 515 ΤΗ.
316 487 553 515 NATALENSE
585 473 652 528 (J.
686 473 738 515 E.
770 473 894 527 Gray
940 474 986 516 in
1032 473 1146 515 Ama.
1198 474 1299 516 Nat.
1347 473 1464 516 Hist.
1499 474 1604 515 1872
1628 488 1676 527 2).

252 543 352 598 139)
381 542 600 584 frondium
630 543 760 585 ramis
791 542 956 584 inferne
986 542 1113 584 nudis
1144 543 1363 592 teretibus,
1386 543 1507 596 apice
1538 543 1583 583 in
1604 556 1676 584 ex-

250 613 480 666 pansiones
511 612 967 654 cuneato-reniformes
1008 615 1193 667 utraque
1224 612 1385 665 pagina
1415 611 1674 662 consimiles,

251 680 432 722 reticulo
463 681 744 723 ramellorum
789 680 1055 722 filiformium
1102 680 1360 732 compositas
1406 679 1676 730 abeuntibus,

253 750 496 791 interstitiis
542 750 647 791 retis
693 762 814 803 aeque
859 749 960 790 latis
1005 761 1055 789 ac
1085 747 1224 802 longis
1256 747 1488 801 angulatis,
1518 746 1678 801 phyllis

252 817 486 859 fructiferis
518 851 527 860 .
560 851 568 859 .
601 851 609 859 .
641 852 649 860 .
684 816 1005 871 Godiophyllmn
1035 817 1256 859 natalense
1286 816 1332 859 J.
1363 816 1417 858 Ε.
1449 815 1574 870 Gray
1599 816 1625 856 Z.
1647 829 1679 858 c.

251 885 523 928 Structuram
552 885 721 928 frondis
744 886 789 927 in
810 886 891 927 hac
914 890 956 927 et
977 885 1256 939 sequentibus
1288 884 1550 927 simillimam
1579 884 1679 927 vidi.

404 954 469 995 Ad
500 954 604 996 Port
635 953 777 996 Natal.
809 954 913 1009 (Hb.
945 954 1120 1010 Grayl).

137 1059 176 1100 7.
207 1057 283 1100 ΤΗ.
315 1058 621 1100 BUNBURYENSE
663 1058 731 1113 (J.
763 1058 845 1109 Ass.
877 1059 1024 1113 mser.)
1073 1057 1292 1099 frondium
1336 1057 1469 1098 ramis
1515 1055 1680 1099 inferne

250 1126 377 1168 nudis
408 1128 632 1177 teretibus,
665 1141 837 1169 sursum
868 1127 1125 1180 compressis
1147 1125 1432 1180 complanatis
1454 1126 1497 1166 in
1520 1138 1679 1179 expan-

251 1195 390 1237 siones
435 1195 590 1249 planas
635 1194 1082 1237 cuneato-flabellatas
1129 1194 1300 1236 demum
1338 1192 1592 1235 reniformes
1624 1194 1680 1234 si-

251 1277 507 1317 nuosasque,
556 1264 740 1305 reticulo
786 1263 1064 1305 ramellorum
1110 1262 1375 1304 filiformium
1407 1262 1679 1315 compositas,

251 1331 452 1374 inferiore
482 1334 642 1387 pagina
673 1332 831 1374 sensim
861 1332 998 1386 magis
1045 1345 1261 1383 nervosas,
1309 1331 1584 1381 abeuntibus,
1615 1330 1680 1371 in-

251 1401 449 1442 terstitiis
480 1402 586 1442 retis
617 1401 853 1443 directione
901 1401 1013 1442 radii
1044 1400 1270 1454 elongatis,
1301 1399 1458 1454 phyllis
1491 1399 1681 1453 sphaero-

252 1468 473 1522 sporiferis
496 1483 616 1511 secus
634 1469 926 1524 peripheriam
948 1469 1111 1522 sparsis
1127 1468 1298 1522 longius
1322 1468 1529 1521 stipitatis
1551 1481 1680 1509 cune-

253 1538 335 1579 atis
368 1538 590 1591 superiore
620 1538 817 1592 margine
849 1537 1131 1579 subsinuosis.

252 1605 318 1647 Ad
349 1620 448 1648 oras
480 1619 597 1648 novae
629 1605 871 1647 Hollandiae
903 1605 1193 1647 occidentales
1226 1604 1352 1660 (Miss
1386 1604 1652 1660 Bunburyl).

228 1686 487 1721 Antecedenti
513 1686 593 1720 haec·
621 1686 829 1730 simillima,
859 1689 898 1720 at
923 1685 1033 1720 nervi
1066 1685 1183 1719 medii
1218 1685 1361 1719 sensim
1387 1685 1590 1719 incrassati
1618 1684 1680 1719 de-

138 1755 239 1778 mum
264 1743 303 1777 in
329 1754 403 1777 una
427 1743 566 1789 pagina
591 1742 824 1788 prominent,
850 1743 905 1777 ita
930 1746 972 1777 ut
1003 1742 1095 1777 folia
1132 1742 1323 1777 adultiora
1359 1753 1470 1776 unam
1510 1742 1679 1787 superio-

139 1813 219 1836 rem
246 1801 298 1846 (ἲ)
324 1801 501 1846 paginam
529 1812 723 1844 enervem,
743 1804 781 1836 et
799 1800 1017 1835 inferiorem
1038 1800 1203 1835 crassius
1223 1811 1423 1835 nervosam
1448 1802 1677 1835 monstrant.

139 1859 182 1892 In
209 1857 425 1903 fragmento
451 1859 593 1903 plantae
620 1858 846 1902 iiataleiisiS,
873 1858 970 1902 quod
998 1857 1091 1901 vidi,
1118 1857 1214 1892 nihil
1241 1857 1363 1891 simile
1389 1857 1513 1898 adest3
1539 1868 1609 1891 nec
1636 1868 1682 1891 ex

138 1916 246 1951 icone
267 1915 439 1960 Grayana
457 1915 641 1959 ejusmodi
666 1915 1005 1950 conformationem
1030 1915 1172 1959 plantae
1201 1913 1331 1948 senilis
1359 1913 1547 1958 conjicere
1574 1914 1679 1948 licet.

140 1973 307 2008 Textura
331 1974 442 2018 hujus
467 1974 522 2008 ita
547 1974 665 2008 densa
689 1977 731 2008 nt
748 1973 962 2008 interstitia
980 1971 1264 2017 angustissima,
1283 1970 1395 2012 fiant3
1422 1971 1506 2005 luce
1531 1971 1682 2016 objecta

139 2030 280 2064 lamina
305 2041 491 2075 nusquam
516 2030 596 2065 fere
621 2030 834 2065 interstitia
858 2029 1051 2074 pellucida
1075 2030 1277 2063 monstrat.

141 2147 184 2168 Φ*
217 2145 458 2189 Frmzdmm
487 2146 660 2188 reticulo
692 2146 854 2188 laxiore
885 2145 1119 2187 interstitia
1162 2155 1299 2184 vacua
1321 2143 1540 2196 prcecipue
1560 2144 1680 2196 peri-

244 2215 444 2269 pherz'am
473 2228 621 2257 versus
652 2215 879 2267 conspicua
924 2213 1130 2266 offerente,
1181 2215 1321 2253 costas
1351 2213 1584 2254 crassiores
1615 2220 1702 2254 co-”

255 2284 476 2336 stuzasque
506 2284 714 2325 tenuiores
736 2282 842 2335 plus
873 2282 1014 2323 minus
1045 2281 1245 2322 nudante.

142 2376 177 2417 8.
210 2374 287 2417 ΤΗ.
319 2374 591 2417 Sponeromas
622 2373 690 2428 (J.
722 2373 804 2427 Ay.
836 2374 981 2428 mser.)
1017 2371 1235 2413 frondium
1274 2372 1406 2413 ramis
1438 2385 1536 2413 mox
1566 2386 1680 2413 com-

254 2444 414 2497 pressis
445 2442 727 2496 complanatis
759 2441 1063 2495 angulatisque
1092 2440 1260 2482 inferne
1283 2454 1308 2481 a
1329 2440 1522 2494 margine
1553 2444 1597 2481 et
1617 2440 1680 2482 fa-

255 2513 318 2554 cie
350 2512 620 2554 muriculatis
667 2510 926 2565 angulisque
973 2510 1017 2550 in
1057 2510 1340 2563 expansiones
1386 2509 1680 2563 planiusculas

255 2580 456 2622 deorsum
487 2580 764 2621 decurrentes
797 2582 840 2620 et
870 2576 1217 2620 subconfiuentes
1248 2577 1520 2627 continuatis,
1553 2577 1691 2619 costis.

257 2649 415 2690 sensim
446 2647 674 2690 subdivisis
705 2647 749 2688 in
779 2645 1008 2687 reticulum
1051 2645 1192 2687 laxius
1222 2644 1500 2687 ramellorum
1530 2643 1680 2686 filifor-

255 2717 401 2768 mium,
432 2716 588 2771 phyllis
611 2713 1002 2770 sphaerosporiferis
1023 2727 1049 2754 a
1069 2713 1177 2755 facie
1200 2717 1242 2755 et
1262 2714 1456 2767 margine
1486 2713 1680 2766 proveni-

255 2785 426 2827 entibus
457 2784 723 2838 pedicellatis
756 2781 1155 2836 cuneato-oblongis
1185 2782 1342 2825 Iobatis
1372 2781 1650 2835 sinuatisque.

254 2853 321 2895 Ad
351 2866 450 2896 oras
481 2852 611 2895 Novae
652 2852 894 2895 Hollandiae
930 2850 1217 2894 occidentales
1251 2849 1376 2904 (Miss
1411 2848 1675 2905 Bunburyl).
