<?xml version="1.0" encoding="UTF-8"?>
<!DOCTYPE html PUBLIC "-//W3C//DTD XHTML 1.0 Transitional//EN"
    "http://www.w3.org/TR/xhtml1/DTD/xhtml1-transitional.dtd">
<html xmlns="http://www.w3.org/1999/xhtml" xml:lang="en" lang="en">
 <head>
  <title>
</title>
<meta http-equiv="Content-Type" content="text/html;charset=utf-8" />
  <meta name='ocr-system' content='tesseract 3.04.00' />
  <meta name='ocr-capabilities' content='ocr_page ocr_carea ocr_par ocr_line ocrx_word'/>
</head>
<body>
  <div class='ocr_page' id='page_1' title='image "./speciesgeneraeto0301agar_0365.png"; bbox 0 0 1757 3114; ppageno 0'>
   <div class='ocr_carea' id='block_1_1' title="bbox 82 123 1614 171">
    <p class='ocr_par' dir='ltr' id='par_1_1' title="bbox 82 123 1614 171">
     <span class='ocr_line' id='line_1_1' title="bbox 82 123 1614 171; baseline -0.006 0"><span class='ocrx_word' id='word_1_1' title='bbox 82 128 433 171; x_wconf 66' lang='lat' dir='ltr'>Acanthococeus.</span> <span class='ocrx_word' id='word_1_2' title='bbox 658 125 1041 165; x_wconf 73' lang='lat' dir='ltr'><strong>RHODYMENICAEAE.</strong></span> <span class='ocrx_word' id='word_1_3' title='bbox 1535 123 1614 162; x_wconf 77' lang='lat'>349</span> 
     </span>
    </p>
   </div>
   <div class='ocr_carea' id='block_1_2' title="bbox 487 237 1205 292">
    <p class='ocr_par' dir='ltr' id='par_1_2' title="bbox 487 237 1205 292">
     <span class='ocr_line' id='line_1_2' title="bbox 487 237 1205 292; baseline -0.004 -12"><span class='ocrx_word' id='word_1_4' title='bbox 487 240 529 260; x_wconf 57' lang='lat'>&#39;²²¹‘</span> <span class='ocrx_word' id='word_1_5' title='bbox 564 239 729 292; x_wconf 59' lang='lat' dir='ltr'>Symies</span> <span class='ocrx_word' id='word_1_6' title='bbox 761 237 995 291; x_wconf 55' lang='lat' dir='ltr'>affinitatis</span> <span class='ocrx_word' id='word_1_7' title='bbox 1026 237 1205 277; x_wconf 67' lang='lat' dir='ltr'>meertoe.</span> 
     </span>
    </p>
   </div>
   <div class='ocr_carea' id='block_1_3' title="bbox 82 327 1615 519">
    <p class='ocr_par' dir='ltr' id='par_1_3' title="bbox 82 327 1615 519">
     <span class='ocr_line' id='line_1_3' title="bbox 86 327 1615 382; baseline -0.005 -7"><span class='ocrx_word' id='word_1_8' title='bbox 86 334 162 375; x_wconf 81' lang='grc' dir='ltr'>ΤΗ.</span> <span class='ocrx_word' id='word_1_9' title='bbox 196 345 469 374; x_wconf 76' lang='lat' dir='ltr'>BRASILIENSIS</span> <span class='ocrx_word' id='word_1_10' title='bbox 503 330 627 373; x_wconf 61' lang='lat' dir='ltr'>Grec.</span> <span class='ocrx_word' id='word_1_11' title='bbox 660 333 703 372; x_wconf 66' lang='lat'><strong>2¹72.</strong></span> <span class='ocrx_word' id='word_1_12' title='bbox 726 330 835 382; x_wconf 64' lang='lat' dir='ltr'>Amy.</span> <span class='ocrx_word' id='word_1_13' title='bbox 861 329 919 372; x_wconf 79' lang='lat' dir='ltr'>St.</span> <span class='ocrx_word' id='word_1_14' title='bbox 943 328 1035 370; x_wconf 67' lang='lat' dir='ltr'>HN.</span> <span class='ocrx_word' id='word_1_15' title='bbox 1070 328 1167 381; x_wconf 61' lang='lat' dir='ltr'>Voys.</span> <span class='ocrx_word' id='word_1_16' title='bbox 1193 327 1341 370; x_wconf 74' lang='lat' dir='ltr'>Diam.</span> <span class='ocrx_word' id='word_1_17' title='bbox 1366 328 1435 370; x_wconf 88' lang='lat' dir='ltr'>II.</span> <span class='ocrx_word' id='word_1_18' title='bbox 1450 342 1497 380; x_wconf 68' lang='lat' dir='ltr'>p.</span> <span class='ocrx_word' id='word_1_19' title='bbox 1521 328 1615 368; x_wconf 66' lang='lat'>448.</span> 
     </span>
     <span class='ocr_line' id='line_1_4' title="bbox 195 400 657 454; baseline -0.009 -11"><span class='ocrx_word' id='word_1_20' title='bbox 195 401 239 444; x_wconf 89' lang='lat' dir='ltr'>J.</span> <span class='ocrx_word' id='word_1_21' title='bbox 272 401 353 454; x_wconf 63' lang='grc' dir='ltr'>Αφ</span> <span class='ocrx_word' id='word_1_22' title='bbox 387 400 458 452; x_wconf 69' lang='lat' dir='ltr'>Sp.</span> <span class='ocrx_word' id='word_1_23' title='bbox 482 414 528 452; x_wconf 77' lang='lat' dir='ltr'>p.</span> <span class='ocrx_word' id='word_1_24' title='bbox 564 400 657 440; x_wconf 63' lang='lat'>405.</span> 
     </span>
     <span class='ocr_line' id='line_1_5' title="bbox 82 465 1483 519; baseline -0.005 -7"><span class='ocrx_word' id='word_1_25' title='bbox 82 471 152 512; x_wconf 81' lang='lat' dir='ltr'>PL.</span> <span class='ocrx_word' id='word_1_26' title='bbox 184 483 334 511; x_wconf 80' lang='lat' dir='ltr'><strong>PATENS</strong></span> <span class='ocrx_word' id='word_1_27' title='bbox 368 469 503 511; x_wconf 72' lang='lat' dir='ltr'>Mart.</span> <span class='ocrx_word' id='word_1_28' title='bbox 541 468 630 510; x_wconf 67' lang='lat' dir='ltr'>Ost.</span> <span class='ocrx_word' id='word_1_29' title='bbox 666 467 745 509; x_wconf 75' lang='lat' dir='ltr'>As.</span> <span class='ocrx_word' id='word_1_30' title='bbox 784 466 929 519; x_wconf 73' lang='lat' dir='ltr'>Tcmyc</span> <span class='ocrx_word' id='word_1_31' title='bbox 950 479 998 518; x_wconf 69' lang='lat'>2).</span> <span class='ocrx_word' id='word_1_32' title='bbox 1030 466 1094 505; x_wconf 71' lang='lat'>3⁶2.</span> <span class='ocrx_word' id='word_1_33' title='bbox 1128 479 1148 505; x_wconf 91' lang='lat' dir='ltr'>e</span> <span class='ocrx_word' id='word_1_34' title='bbox 1183 466 1292 506; x_wconf 84' lang='lat' dir='ltr'>mari</span> <span class='ocrx_word' id='word_1_35' title='bbox 1323 465 1483 506; x_wconf 89' lang='lat' dir='ltr'>Indico.</span> 
     </span>
    </p>
   </div>
   <div class='ocr_carea' id='block_1_4' title="bbox 83 623 1619 826">
    <p class='ocr_par' dir='ltr' id='par_1_4' title="bbox 83 623 1619 826">
     <span class='ocr_line' id='line_1_6' title="bbox 83 623 1619 681; baseline -0.003 -9"><span class='ocrx_word' id='word_1_36' title='bbox 83 623 291 673; x_wconf 62' lang='grc' dir='ltr'><strong>ΙΑΧΧΠΉ</strong></span> <span class='ocrx_word' id='word_1_37' title='bbox 330 626 756 672; x_wconf 74' lang='lat' dir='ltr'>ACANTHOCOCCUS</span> <span class='ocrx_word' id='word_1_38' title='bbox 810 630 944 673; x_wconf 75' lang='lat' dir='ltr'>Hook.</span> <span class='ocrx_word' id='word_1_39' title='bbox 991 633 1027 669; x_wconf 65' lang='lat' dir='ltr'>et</span> <span class='ocrx_word' id='word_1_40' title='bbox 1074 628 1211 670; x_wconf 67' lang='lat' dir='ltr'>Harv.</span> <span class='ocrx_word' id='word_1_41' title='bbox 1264 629 1361 681; x_wconf 65' lang='lat' dir='ltr'>Algy.</span> <span class='ocrx_word' id='word_1_42' title='bbox 1416 629 1516 669; x_wconf 71' lang='lat' dir='ltr'>Am.</span> <span class='ocrx_word' id='word_1_43' title='bbox 1572 628 1619 668; x_wconf 67' lang='lat' dir='ltr'>m</span> 
     </span>
     <span class='ocr_line' id='line_1_7' title="bbox 199 696 1617 755; baseline -0.006 -10"><span class='ocrx_word' id='word_1_44' title='bbox 199 703 334 745; x_wconf 74' lang='lat' dir='ltr'>Lond.</span> <span class='ocrx_word' id='word_1_45' title='bbox 365 703 518 745; x_wconf 60' lang='lat' dir='ltr'>Jmmw.</span> <span class='ocrx_word' id='word_1_46' title='bbox 553 702 638 745; x_wconf 84' lang='lat' dir='ltr'>IV.</span> <span class='ocrx_word' id='word_1_47' title='bbox 661 717 708 755; x_wconf 72' lang='lat' dir='ltr'>p.</span> <span class='ocrx_word' id='word_1_48' title='bbox 740 702 833 741; x_wconf 73' lang='lat'>261.</span> <span class='ocrx_word' id='word_1_49' title='bbox 882 697 1024 751; x_wconf 66' lang='lat' dir='ltr'>Crypt.</span> <span class='ocrx_word' id='word_1_50' title='bbox 1057 699 1158 739; x_wconf 69' lang='lat' dir='ltr'>Ant.</span> <span class='ocrx_word' id='word_1_51' title='bbox 1182 711 1230 750; x_wconf 71' lang='lat' dir='ltr'>p.</span> <span class='ocrx_word' id='word_1_52' title='bbox 1266 699 1355 737; x_wconf 74' lang='lat'>171.</span> <span class='ocrx_word' id='word_1_53' title='bbox 1403 696 1617 738; x_wconf 69' lang='lat' dir='ltr'>Acantho-</span> 
     </span>
     <span class='ocr_line' id='line_1_8' title="bbox 196 766 1296 826; baseline -0.005 -14"><span class='ocrx_word' id='word_1_54' title='bbox 196 785 337 813; x_wconf 68' lang='lat' dir='ltr'>coccvs</span> <span class='ocrx_word' id='word_1_55' title='bbox 368 771 413 813; x_wconf 87' lang='lat' dir='ltr'>J.</span> <span class='ocrx_word' id='word_1_56' title='bbox 447 771 526 823; x_wconf 63' lang='lat' dir='ltr'>Affl-</span> <span class='ocrx_word' id='word_1_57' title='bbox 562 771 632 824; x_wconf 72' lang='lat' dir='ltr'>Sp.</span> <span class='ocrx_word' id='word_1_58' title='bbox 667 772 786 826; x_wconf 75' lang='lat' dir='ltr'>(mut.</span> <span class='ocrx_word' id='word_1_59' title='bbox 820 768 999 809; x_wconf 70' lang='lat' dir='ltr'>charact.</span> <span class='ocrx_word' id='word_1_60' title='bbox 1032 770 1068 807; x_wconf 73' lang='lat' dir='ltr'>ez‘</span> <span class='ocrx_word' id='word_1_61' title='bbox 1099 766 1296 818; x_wconf 54' lang='lat' dir='ltr'>{domim}</span> 
     </span>
    </p>
   </div>
   <div class='ocr_carea' id='block_1_5' title="bbox 85 846 1622 1588">
    <p class='ocr_par' dir='ltr' id='par_1_5' title="bbox 85 846 1622 1588">
     <span class='ocr_line' id='line_1_9' title="bbox 85 846 1617 904; baseline -0.005 -11"><span class='ocrx_word' id='word_1_62' title='bbox 85 853 219 893; x_wconf 89' lang='lat' dir='ltr'>Frons</span> <span class='ocrx_word' id='word_1_63' title='bbox 249 865 495 904; x_wconf 82' lang='lat' dir='ltr'>compressa</span> <span class='ocrx_word' id='word_1_64' title='bbox 527 850 791 893; x_wconf 86' lang='lat' dir='ltr'>subdistiche</span> <span class='ocrx_word' id='word_1_65' title='bbox 822 848 1034 902; x_wconf 86' lang='lat' dir='ltr'>pinnatim</span> <span class='ocrx_word' id='word_1_66' title='bbox 1066 860 1248 891; x_wconf 69' lang='lat' dir='ltr'>ramosa,</span> <span class='ocrx_word' id='word_1_67' title='bbox 1281 847 1431 887; x_wconf 87' lang='lat' dir='ltr'>stratis</span> <span class='ocrx_word' id='word_1_68' title='bbox 1477 846 1617 887; x_wconf 88' lang='lat' dir='ltr'>tribus</span> 
     </span>
     <span class='ocr_line' id='line_1_10' title="bbox 197 914 1619 970; baseline -0.006 -9"><span class='ocrx_word' id='word_1_69' title='bbox 197 923 414 970; x_wconf 75' lang='lat' dir='ltr'>contexta3</span> <span class='ocrx_word' id='word_1_70' title='bbox 449 923 584 960; x_wconf 87' lang='lat' dir='ltr'>strato</span> <span class='ocrx_word' id='word_1_71' title='bbox 616 917 845 960; x_wconf 82' lang='lat' dir='ltr'>medullari</span> <span class='ocrx_word' id='word_1_72' title='bbox 890 915 972 957; x_wconf 88' lang='lat' dir='ltr'>filis</span> <span class='ocrx_word' id='word_1_73' title='bbox 1019 915 1228 968; x_wconf 87' lang='lat' dir='ltr'>elongatis</span> <span class='ocrx_word' id='word_1_74' title='bbox 1275 914 1530 955; x_wconf 86' lang='lat' dir='ltr'>dichotomis</span> <span class='ocrx_word' id='word_1_75' title='bbox 1576 918 1619 955; x_wconf 88' lang='lat' dir='ltr'>et</span> 
     </span>
     <span class='ocr_line' id='line_1_11' title="bbox 201 981 1618 1029; baseline -0.005 0"><span class='ocrx_word' id='word_1_76' title='bbox 201 988 626 1029; x_wconf 85' lang='lat' dir='ltr'>anastomosantibus</span> <span class='ocrx_word' id='word_1_77' title='bbox 658 986 868 1028; x_wconf 76' lang='lat' dir='ltr'>arcuatim</span> <span class='ocrx_word' id='word_1_78' title='bbox 890 985 1003 1025; x_wconf 86' lang='lat' dir='ltr'>inter</span> <span class='ocrx_word' id='word_1_79' title='bbox 1025 981 1202 1024; x_wconf 85' lang='lat' dir='ltr'>cellulas</span> <span class='ocrx_word' id='word_1_80' title='bbox 1226 982 1352 1023; x_wconf 83' lang='lat' dir='ltr'>strati</span> <span class='ocrx_word' id='word_1_81' title='bbox 1375 982 1618 1023; x_wconf 80' lang='lat' dir='ltr'>intermedii</span> 
     </span>
     <span class='ocr_line' id='line_1_12' title="bbox 199 1050 1619 1110; baseline -0.005 -13"><span class='ocrx_word' id='word_1_82' title='bbox 199 1069 379 1110; x_wconf 87' lang='lat' dir='ltr'>magnas</span> <span class='ocrx_word' id='word_1_83' title='bbox 411 1055 668 1096; x_wconf 87' lang='lat' dir='ltr'>rotundatas</span> <span class='ocrx_word' id='word_1_84' title='bbox 701 1053 1040 1103; x_wconf 76' lang='lat' dir='ltr'>excurrentibus,</span> <span class='ocrx_word' id='word_1_85' title='bbox 1079 1051 1243 1092; x_wconf 85' lang='lat' dir='ltr'>cellulis</span> <span class='ocrx_word' id='word_1_86' title='bbox 1276 1050 1619 1104; x_wconf 85' lang='lat' dir='ltr'>superficialibus</span> 
     </span>
     <span class='ocr_line' id='line_1_13' title="bbox 197 1118 1619 1177; baseline -0.004 -12"><span class='ocrx_word' id='word_1_87' title='bbox 197 1123 685 1177; x_wconf 84' lang='lat' dir='ltr'>rotundato-angulatis.</span> <span class='ocrx_word' id='word_1_88' title='bbox 746 1121 1020 1175; x_wconf 65' lang='lat' dir='ltr'>Cystocarpia</span> <span class='ocrx_word' id='word_1_89' title='bbox 1052 1133 1210 1161; x_wconf 87' lang='lat' dir='ltr'>corona</span> <span class='ocrx_word' id='word_1_90' title='bbox 1238 1118 1506 1160; x_wconf 88' lang='lat' dir='ltr'>ramulorum</span> <span class='ocrx_word' id='word_1_91' title='bbox 1527 1133 1619 1159; x_wconf 90' lang='lat' dir='ltr'>mu—</span> 
     </span>
     <span class='ocr_line' id='line_1_14' title="bbox 199 1186 1620 1243; baseline -0.005 -10"><span class='ocrx_word' id='word_1_92' title='bbox 199 1193 303 1243; x_wconf 75' lang='lat' dir='ltr'>nita,</span> <span class='ocrx_word' id='word_1_93' title='bbox 336 1193 469 1233; x_wconf 88' lang='lat' dir='ltr'>ramis</span> <span class='ocrx_word' id='word_1_94' title='bbox 492 1193 792 1241; x_wconf 79' lang='lat' dir='ltr'>subimmersa,</span> <span class='ocrx_word' id='word_1_95' title='bbox 816 1191 931 1231; x_wconf 86' lang='lat' dir='ltr'>intra</span> <span class='ocrx_word' id='word_1_96' title='bbox 953 1188 1242 1242; x_wconf 87' lang='lat' dir='ltr'>pericarpium</span> <span class='ocrx_word' id='word_1_97' title='bbox 1264 1186 1430 1228; x_wconf 87' lang='lat' dir='ltr'>cellulis</span> <span class='ocrx_word' id='word_1_98' title='bbox 1454 1190 1620 1228; x_wconf 79' lang='lat' dir='ltr'>extror-</span> 
     </span>
     <span class='ocr_line' id='line_1_15' title="bbox 198 1256 1619 1304; baseline -0.005 -1"><span class='ocrx_word' id='word_1_99' title='bbox 198 1276 292 1303; x_wconf 85' lang='lat' dir='ltr'>sum</span> <span class='ocrx_word' id='word_1_100' title='bbox 321 1262 599 1303; x_wconf 83' lang='lat' dir='ltr'>verticalibus</span> <span class='ocrx_word' id='word_1_101' title='bbox 645 1263 881 1302; x_wconf 80' lang='lat' dir='ltr'>introrsum</span> <span class='ocrx_word' id='word_1_102' title='bbox 927 1258 1208 1300; x_wconf 85' lang='lat' dir='ltr'>concentricis</span> <span class='ocrx_word' id='word_1_103' title='bbox 1253 1256 1499 1304; x_wconf 68' lang='lat' dir='ltr'>conflatum,</span> <span class='ocrx_word' id='word_1_104' title='bbox 1546 1256 1619 1297; x_wconf 90' lang='lat' dir='ltr'>de-</span> 
     </span>
     <span class='ocr_line' id='line_1_16' title="bbox 198 1325 1619 1383; baseline -0.004 -12"><span class='ocrx_word' id='word_1_105' title='bbox 198 1344 316 1371; x_wconf 89' lang='lat' dir='ltr'>mum</span> <span class='ocrx_word' id='word_1_106' title='bbox 349 1330 637 1383; x_wconf 85' lang='lat' dir='ltr'>carpostomio</span> <span class='ocrx_word' id='word_1_107' title='bbox 669 1329 895 1379; x_wconf 73' lang='lat' dir='ltr'>munitum,</span> <span class='ocrx_word' id='word_1_108' title='bbox 930 1326 1127 1368; x_wconf 76' lang='lat' dir='ltr'>nucleum</span> <span class='ocrx_word' id='word_1_109' title='bbox 1151 1326 1401 1379; x_wconf 68' lang='lat' dir='ltr'>simplicem,</span> <span class='ocrx_word' id='word_1_110' title='bbox 1425 1325 1508 1366; x_wconf 85' lang='lat' dir='ltr'>filis</span> <span class='ocrx_word' id='word_1_111' title='bbox 1530 1338 1619 1366; x_wconf 81' lang='lat' dir='ltr'>ain-</span> 
     </span>
     <span class='ocr_line' id='line_1_17' title="bbox 197 1393 1620 1449; baseline -0.005 -9"><span class='ocrx_word' id='word_1_112' title='bbox 197 1399 417 1441; x_wconf 89' lang='lat' dir='ltr'>bientibus</span> <span class='ocrx_word' id='word_1_113' title='bbox 449 1399 698 1447; x_wconf 75' lang='lat' dir='ltr'>cohibitum,</span> <span class='ocrx_word' id='word_1_114' title='bbox 730 1397 939 1443; x_wconf 77' lang='lat' dir='ltr'>foventia;</span> <span class='ocrx_word' id='word_1_115' title='bbox 972 1396 1149 1437; x_wconf 86' lang='lat' dir='ltr'>nucleus</span> <span class='ocrx_word' id='word_1_116' title='bbox 1180 1394 1262 1435; x_wconf 80' lang='lat' dir='ltr'>filis</span> <span class='ocrx_word' id='word_1_117' title='bbox 1295 1393 1620 1449; x_wconf 85' lang='lat' dir='ltr'>gemmidiiferis</span> 
     </span>
     <span class='ocr_line' id='line_1_18' title="bbox 198 1463 1622 1521; baseline -0.004 -12"><span class='ocrx_word' id='word_1_118' title='bbox 198 1481 223 1508; x_wconf 86' lang='lat' dir='ltr'>a</span> <span class='ocrx_word' id='word_1_119' title='bbox 253 1467 393 1509; x_wconf 86' lang='lat' dir='ltr'>basali</span> <span class='ocrx_word' id='word_1_120' title='bbox 438 1467 638 1521; x_wconf 88' lang='lat' dir='ltr'>placenta</span> <span class='ocrx_word' id='word_1_121' title='bbox 683 1465 1016 1520; x_wconf 72' lang='lat' dir='ltr'>egredientibus,</span> <span class='ocrx_word' id='word_1_122' title='bbox 1049 1465 1093 1505; x_wconf 91' lang='lat' dir='ltr'>in</span> <span class='ocrx_word' id='word_1_123' title='bbox 1125 1463 1356 1518; x_wconf 85' lang='lat' dir='ltr'>gemmidia</span> <span class='ocrx_word' id='word_1_124' title='bbox 1394 1475 1622 1504; x_wconf 84' lang='lat' dir='ltr'>numerosa</span> 
     </span>
     <span class='ocr_line' id='line_1_19' title="bbox 197 1532 1620 1588; baseline -0.004 -12"><span class='ocrx_word' id='word_1_125' title='bbox 197 1535 458 1588; x_wconf 85' lang='lat' dir='ltr'>conglobata</span> <span class='ocrx_word' id='word_1_126' title='bbox 498 1535 760 1577; x_wconf 85' lang='lat' dir='ltr'>abeuntibus</span> <span class='ocrx_word' id='word_1_127' title='bbox 805 1534 1076 1576; x_wconf 87' lang='lat' dir='ltr'>constitutus.</span> <span class='ocrx_word' id='word_1_128' title='bbox 1142 1532 1456 1586; x_wconf 65' lang='lat' dir='ltr'>Sphcerosporoe</span> <span class='ocrx_word' id='word_1_129' title='bbox 1489 1565 1496 1572; x_wconf 93' lang='lat'><strong><em>.</em></strong></span> <span class='ocrx_word' id='word_1_130' title='bbox 1531 1565 1537 1572; x_wconf 92' lang='lat'>.</span> <span class='ocrx_word' id='word_1_131' title='bbox 1572 1565 1578 1572; x_wconf 89' lang='lat'><strong><em>.</em></strong></span> <span class='ocrx_word' id='word_1_132' title='bbox 1613 1565 1620 1571; x_wconf 93' lang='lat'>.</span> 
     </span>
    </p>
   </div>
   <div class='ocr_carea' id='block_1_6' title="bbox 83 1625 1623 2902">
    <p class='ocr_par' dir='ltr' id='par_1_6' title="bbox 83 1625 1623 2902">
     <span class='ocr_line' id='line_1_20' title="bbox 198 1625 1621 1681; baseline -0.003 -14"><span class='ocrx_word' id='word_1_133' title='bbox 198 1625 478 1681; x_wconf 86' lang='lat' dir='ltr'>Cystocarpia</span> <span class='ocrx_word' id='word_1_134' title='bbox 509 1635 609 1669; x_wconf 87' lang='lat' dir='ltr'>sunt</span> <span class='ocrx_word' id='word_1_135' title='bbox 640 1627 783 1680; x_wconf 83' lang='lat' dir='ltr'>potius</span> <span class='ocrx_word' id='word_1_136' title='bbox 822 1626 953 1667; x_wconf 89' lang='lat' dir='ltr'>ramis</span> <span class='ocrx_word' id='word_1_137' title='bbox 991 1626 1194 1666; x_wconf 86' lang='lat' dir='ltr'>immersa</span> <span class='ocrx_word' id='word_1_138' title='bbox 1233 1637 1362 1678; x_wconf 89' lang='lat' dir='ltr'>quam</span> <span class='ocrx_word' id='word_1_139' title='bbox 1402 1625 1518 1664; x_wconf 86' lang='lat' dir='ltr'>intra</span> <span class='ocrx_word' id='word_1_140' title='bbox 1548 1637 1621 1676; x_wconf 88' lang='lat' dir='ltr'>pe-</span> 
     </span>
     <span class='ocr_line' id='line_1_21' title="bbox 84 1693 1620 1749; baseline -0.002 -13"><span class='ocrx_word' id='word_1_141' title='bbox 84 1696 322 1748; x_wconf 87' lang='lat' dir='ltr'>ricarpium</span> <span class='ocrx_word' id='word_1_142' title='bbox 353 1696 577 1749; x_wconf 88' lang='lat' dir='ltr'>proprium</span> <span class='ocrx_word' id='word_1_143' title='bbox 609 1700 833 1737; x_wconf 83' lang='lat' dir='ltr'>externum</span> <span class='ocrx_word' id='word_1_144' title='bbox 865 1698 1055 1748; x_wconf 74' lang='lat' dir='ltr'>excepta,</span> <span class='ocrx_word' id='word_1_145' title='bbox 1088 1693 1268 1734; x_wconf 90' lang='lat' dir='ltr'>ramulis</span> <span class='ocrx_word' id='word_1_146' title='bbox 1300 1693 1450 1746; x_wconf 79' lang='lat' dir='ltr'>paucis</span> <span class='ocrx_word' id='word_1_147' title='bbox 1474 1707 1620 1734; x_wconf 88' lang='lat' dir='ltr'>erum-</span> 
     </span>
     <span class='ocr_line' id='line_1_22' title="bbox 84 1761 1621 1817; baseline -0.002 -12"><span class='ocrx_word' id='word_1_148' title='bbox 84 1764 286 1817; x_wconf 86' lang='lat' dir='ltr'>pentibus</span> <span class='ocrx_word' id='word_1_149' title='bbox 319 1765 490 1817; x_wconf 87' lang='lat' dir='ltr'>stipata.</span> <span class='ocrx_word' id='word_1_150' title='bbox 552 1764 847 1816; x_wconf 83' lang='lat' dir='ltr'>Pericarpium</span> <span class='ocrx_word' id='word_1_151' title='bbox 880 1766 1049 1804; x_wconf 85' lang='lat' dir='ltr'>constat</span> <span class='ocrx_word' id='word_1_152' title='bbox 1080 1761 1245 1803; x_wconf 85' lang='lat' dir='ltr'>cellulis</span> <span class='ocrx_word' id='word_1_153' title='bbox 1277 1761 1621 1815; x_wconf 86' lang='lat' dir='ltr'>superficialibus</span> 
     </span>
     <span class='ocr_line' id='line_1_23' title="bbox 85 1830 1621 1885; baseline -0.001 -12"><span class='ocrx_word' id='word_1_154' title='bbox 85 1831 252 1873; x_wconf 83' lang='lat' dir='ltr'>frondis</span> <span class='ocrx_word' id='word_1_155' title='bbox 283 1830 372 1873; x_wconf 84' lang='lat' dir='ltr'>fere</span> <span class='ocrx_word' id='word_1_156' title='bbox 404 1833 530 1873; x_wconf 89' lang='lat' dir='ltr'>unica</span> <span class='ocrx_word' id='word_1_157' title='bbox 562 1832 670 1873; x_wconf 87' lang='lat' dir='ltr'>serie</span> <span class='ocrx_word' id='word_1_158' title='bbox 704 1831 923 1885; x_wconf 82' lang='lat' dir='ltr'>dispositis</span> <span class='ocrx_word' id='word_1_159' title='bbox 956 1836 998 1871; x_wconf 88' lang='lat' dir='ltr'>et</span> <span class='ocrx_word' id='word_1_160' title='bbox 1029 1831 1154 1884; x_wconf 89' lang='lat' dir='ltr'>quasi</span> <span class='ocrx_word' id='word_1_161' title='bbox 1185 1831 1377 1884; x_wconf 89' lang='lat' dir='ltr'>gelatina</span> <span class='ocrx_word' id='word_1_162' title='bbox 1408 1831 1621 1871; x_wconf 79' lang='lat' dir='ltr'>ambiente</span> 
     </span>
     <span class='ocr_line' id='line_1_24' title="bbox 85 1898 1621 1951; baseline -0.002 -9"><span class='ocrx_word' id='word_1_163' title='bbox 85 1900 306 1951; x_wconf 81' lang='lat' dir='ltr'>cohibitis3</span> <span class='ocrx_word' id='word_1_164' title='bbox 354 1900 589 1941; x_wconf 86' lang='lat' dir='ltr'>introrsum</span> <span class='ocrx_word' id='word_1_165' title='bbox 623 1900 688 1941; x_wconf 78' lang='lat' dir='ltr'>hae</span> <span class='ocrx_word' id='word_1_166' title='bbox 720 1899 886 1941; x_wconf 89' lang='lat' dir='ltr'>cellulis</span> <span class='ocrx_word' id='word_1_167' title='bbox 918 1899 1163 1940; x_wconf 80' lang='lat' dir='ltr'>rotundatis</span> <span class='ocrx_word' id='word_1_168' title='bbox 1202 1898 1366 1940; x_wconf 81' lang='lat' dir='ltr'>frondis</span> <span class='ocrx_word' id='word_1_169' title='bbox 1403 1899 1621 1940; x_wconf 85' lang='lat' dir='ltr'>interioris</span> 
     </span>
     <span class='ocr_line' id='line_1_25' title="bbox 83 1967 1621 2022; baseline -0.002 -12"><span class='ocrx_word' id='word_1_170' title='bbox 83 1970 153 2011; x_wconf 85' lang='lat' dir='ltr'>vix</span> <span class='ocrx_word' id='word_1_171' title='bbox 185 1968 400 2018; x_wconf 76' lang='lat' dir='ltr'>eoloratis,</span> <span class='ocrx_word' id='word_1_172' title='bbox 434 1967 525 2010; x_wconf 87' lang='lat' dir='ltr'>fere</span> <span class='ocrx_word' id='word_1_173' title='bbox 556 1969 682 2009; x_wconf 87' lang='lat' dir='ltr'>unica</span> <span class='ocrx_word' id='word_1_174' title='bbox 713 1982 885 2022; x_wconf 77' lang='lat' dir='ltr'>quoque</span> <span class='ocrx_word' id='word_1_175' title='bbox 918 1968 1026 2009; x_wconf 86' lang='lat' dir='ltr'>serie</span> <span class='ocrx_word' id='word_1_176' title='bbox 1072 1967 1338 2008; x_wconf 87' lang='lat' dir='ltr'>concentrice</span> <span class='ocrx_word' id='word_1_177' title='bbox 1383 1967 1498 2008; x_wconf 89' lang='lat' dir='ltr'>circa</span> <span class='ocrx_word' id='word_1_178' title='bbox 1544 1981 1621 2008; x_wconf 91' lang='lat' dir='ltr'>nu-</span> 
     </span>
     <span class='ocr_line' id='line_1_26' title="bbox 84 2035 1622 2091; baseline -0.001 -13"><span class='ocrx_word' id='word_1_179' title='bbox 84 2037 223 2078; x_wconf 89' lang='lat' dir='ltr'>cleum</span> <span class='ocrx_word' id='word_1_180' title='bbox 240 2037 471 2091; x_wconf 77' lang='lat' dir='ltr'>dispositis,</span> <span class='ocrx_word' id='word_1_181' title='bbox 493 2037 735 2078; x_wconf 83' lang='lat' dir='ltr'>firmantur.</span> <span class='ocrx_word' id='word_1_182' title='bbox 777 2036 873 2089; x_wconf 89' lang='lat' dir='ltr'>Ipse</span> <span class='ocrx_word' id='word_1_183' title='bbox 895 2036 1071 2078; x_wconf 88' lang='lat' dir='ltr'>nucleus</span> <span class='ocrx_word' id='word_1_184' title='bbox 1094 2036 1281 2088; x_wconf 79' lang='lat' dir='ltr'>cingitur</span> <span class='ocrx_word' id='word_1_185' title='bbox 1303 2035 1469 2076; x_wconf 87' lang='lat' dir='ltr'>cellulis</span> <span class='ocrx_word' id='word_1_186' title='bbox 1491 2035 1622 2088; x_wconf 86' lang='lat' dir='ltr'>paulo</span> 
     </span>
     <span class='ocr_line' id='line_1_27' title="bbox 83 2104 1621 2158; baseline -0.002 -10"><span class='ocrx_word' id='word_1_187' title='bbox 83 2106 321 2148; x_wconf 88' lang='lat' dir='ltr'>minoribus</span> <span class='ocrx_word' id='word_1_188' title='bbox 353 2105 441 2146; x_wconf 84' lang='lat' dir='ltr'>fere</span> <span class='ocrx_word' id='word_1_189' title='bbox 473 2106 515 2146; x_wconf 88' lang='lat' dir='ltr'>in</span> <span class='ocrx_word' id='word_1_190' title='bbox 547 2105 620 2146; x_wconf 80' lang='lat' dir='ltr'>fila</span> <span class='ocrx_word' id='word_1_191' title='bbox 650 2104 957 2146; x_wconf 79' lang='lat' dir='ltr'>moniliformia</span> <span class='ocrx_word' id='word_1_192' title='bbox 989 2105 1239 2158; x_wconf 75' lang='lat' dir='ltr'>conjunctis,</span> <span class='ocrx_word' id='word_1_193' title='bbox 1287 2117 1382 2158; x_wconf 70' lang='lat' dir='ltr'>quae</span> <span class='ocrx_word' id='word_1_194' title='bbox 1421 2104 1621 2145; x_wconf 87' lang='lat' dir='ltr'>nucleum</span> 
     </span>
     <span class='ocr_line' id='line_1_28' title="bbox 84 2173 1621 2228; baseline -0.003 -11"><span class='ocrx_word' id='word_1_195' title='bbox 84 2175 320 2218; x_wconf 87' lang='lat' dir='ltr'>ambientia</span> <span class='ocrx_word' id='word_1_196' title='bbox 346 2175 662 2228; x_wconf 87' lang='lat' dir='ltr'>compressione</span> <span class='ocrx_word' id='word_1_197' title='bbox 684 2174 873 2227; x_wconf 88' lang='lat' dir='ltr'>quadam</span> <span class='ocrx_word' id='word_1_198' title='bbox 894 2187 1042 2215; x_wconf 88' lang='lat' dir='ltr'>versus</span> <span class='ocrx_word' id='word_1_199' title='bbox 1064 2173 1399 2227; x_wconf 88' lang='lat' dir='ltr'>carpostomium</span> <span class='ocrx_word' id='word_1_200' title='bbox 1422 2173 1621 2213; x_wconf 86' lang='lat' dir='ltr'>nucleum</span> 
     </span>
     <span class='ocr_line' id='line_1_29' title="bbox 87 2241 1623 2297; baseline -0.003 -12"><span class='ocrx_word' id='word_1_201' title='bbox 87 2247 305 2286; x_wconf 87' lang='lat' dir='ltr'>maturum</span> <span class='ocrx_word' id='word_1_202' title='bbox 337 2244 488 2297; x_wconf 89' lang='lat' dir='ltr'>ejicere</span> <span class='ocrx_word' id='word_1_203' title='bbox 520 2243 718 2293; x_wconf 79' lang='lat' dir='ltr'>tendunt3</span> <span class='ocrx_word' id='word_1_204' title='bbox 751 2243 813 2284; x_wconf 89' lang='lat' dir='ltr'>ita</span> <span class='ocrx_word' id='word_1_205' title='bbox 844 2242 934 2283; x_wconf 79' lang='lat' dir='ltr'>haec</span> <span class='ocrx_word' id='word_1_206' title='bbox 965 2242 1149 2295; x_wconf 80' lang='lat' dir='ltr'>analoga</span> <span class='ocrx_word' id='word_1_207' title='bbox 1179 2245 1282 2295; x_wconf 86' lang='lat' dir='ltr'>puto</span> <span class='ocrx_word' id='word_1_208' title='bbox 1313 2255 1409 2282; x_wconf 88' lang='lat' dir='ltr'>cum</span> <span class='ocrx_word' id='word_1_209' title='bbox 1440 2241 1526 2282; x_wconf 89' lang='lat' dir='ltr'>tela</span> <span class='ocrx_word' id='word_1_210' title='bbox 1548 2241 1623 2281; x_wconf 87' lang='lat' dir='ltr'>illa</span> 
     </span>
     <span class='ocr_line' id='line_1_30' title="bbox 86 2308 1621 2364; baseline -0.002 -11"><span class='ocrx_word' id='word_1_211' title='bbox 86 2311 376 2354; x_wconf 88' lang='lat' dir='ltr'>arachnoidea</span> <span class='ocrx_word' id='word_1_212' title='bbox 407 2335 459 2341; x_wconf 80' lang='lat'><em>—</em></span> <span class='ocrx_word' id='word_1_213' title='bbox 492 2310 626 2352; x_wconf 89' lang='lat' dir='ltr'>multo</span> <span class='ocrx_word' id='word_1_214' title='bbox 658 2311 852 2352; x_wconf 84' lang='lat' dir='ltr'>tenuiore</span> <span class='ocrx_word' id='word_1_215' title='bbox 873 2336 928 2341; x_wconf 91' lang='lat'>—-</span> <span class='ocrx_word' id='word_1_216' title='bbox 949 2324 1079 2364; x_wconf 84' lang='lat' dir='ltr'>quam</span> <span class='ocrx_word' id='word_1_217' title='bbox 1101 2311 1143 2351; x_wconf 88' lang='lat' dir='ltr'>in</span> <span class='ocrx_word' id='word_1_218' title='bbox 1165 2309 1378 2359; x_wconf 76' lang='lat' dir='ltr'>Fauchea,</span> <span class='ocrx_word' id='word_1_219' title='bbox 1411 2308 1621 2363; x_wconf 89' lang='lat' dir='ltr'>Champia</span> 
     </span>
     <span class='ocr_line' id='line_1_31' title="bbox 85 2378 1620 2435; baseline -0.003 -13"><span class='ocrx_word' id='word_1_220' title='bbox 85 2381 267 2435; x_wconf 87' lang='lat' dir='ltr'>aliisque</span> <span class='ocrx_word' id='word_1_221' title='bbox 300 2380 500 2421; x_wconf 86' lang='lat' dir='ltr'>nucleum</span> <span class='ocrx_word' id='word_1_222' title='bbox 531 2380 696 2422; x_wconf 88' lang='lat' dir='ltr'>ambire</span> <span class='ocrx_word' id='word_1_223' title='bbox 727 2380 811 2422; x_wconf 90' lang='lat' dir='ltr'>alio</span> <span class='ocrx_word' id='word_1_224' title='bbox 844 2380 936 2422; x_wconf 89' lang='lat' dir='ltr'>loco</span> <span class='ocrx_word' id='word_1_225' title='bbox 969 2380 1175 2433; x_wconf 87' lang='lat' dir='ltr'>descripsi</span> <span class='ocrx_word' id='word_1_226' title='bbox 1224 2378 1426 2421; x_wconf 80' lang='lat' dir='ltr'>,Nucleus</span> <span class='ocrx_word' id='word_1_227' title='bbox 1450 2382 1620 2420; x_wconf 79' lang='lat' dir='ltr'>constat</span> 
     </span>
     <span class='ocr_line' id='line_1_32' title="bbox 86 2448 1618 2503; baseline -0.002 -12"><span class='ocrx_word' id='word_1_228' title='bbox 86 2449 328 2503; x_wconf 89' lang='lat' dir='ltr'>gemmidiis</span> <span class='ocrx_word' id='word_1_229' title='bbox 359 2454 427 2491; x_wconf 87' lang='lat' dir='ltr'>sat</span> <span class='ocrx_word' id='word_1_230' title='bbox 457 2450 624 2503; x_wconf 88' lang='lat' dir='ltr'>magnis</span> <span class='ocrx_word' id='word_1_231' title='bbox 655 2449 1084 2503; x_wconf 84' lang='lat' dir='ltr'>oblongo-angulatis</span> <span class='ocrx_word' id='word_1_232' title='bbox 1106 2449 1268 2490; x_wconf 88' lang='lat' dir='ltr'>arctius</span> <span class='ocrx_word' id='word_1_233' title='bbox 1290 2448 1618 2496; x_wconf 70' lang='lat' dir='ltr'>cohaerentibus,</span> 
     </span>
     <span class='ocr_line' id='line_1_33' title="bbox 85 2515 1620 2571; baseline -0.002 -12"><span class='ocrx_word' id='word_1_234' title='bbox 85 2518 301 2559; x_wconf 86' lang='lat' dir='ltr'>radiatam</span> <span class='ocrx_word' id='word_1_235' title='bbox 339 2517 556 2571; x_wconf 86' lang='lat' dir='ltr'>quandam</span> <span class='ocrx_word' id='word_1_236' title='bbox 594 2518 917 2571; x_wconf 87' lang='lat' dir='ltr'>dispositionem</span> <span class='ocrx_word' id='word_1_237' title='bbox 956 2517 1310 2558; x_wconf 82' lang='lat' dir='ltr'>monstrantibus.</span> <span class='ocrx_word' id='word_1_238' title='bbox 1370 2515 1620 2556; x_wconf 84' lang='lat' dir='ltr'>Placentam</span> 
     </span>
     <span class='ocr_line' id='line_1_34' title="bbox 86 2584 1620 2628; baseline -0.003 0"><span class='ocrx_word' id='word_1_239' title='bbox 86 2588 201 2628; x_wconf 89' lang='lat' dir='ltr'>intra</span> <span class='ocrx_word' id='word_1_240' title='bbox 231 2586 432 2628; x_wconf 90' lang='lat' dir='ltr'>nucleum</span> <span class='ocrx_word' id='word_1_241' title='bbox 464 2586 790 2627; x_wconf 89' lang='lat' dir='ltr'>erectiusculam</span> <span class='ocrx_word' id='word_1_242' title='bbox 836 2585 1014 2626; x_wconf 88' lang='lat' dir='ltr'>ramulis</span> <span class='ocrx_word' id='word_1_243' title='bbox 1060 2584 1315 2626; x_wconf 83' lang='lat' dir='ltr'>lateralibus</span> <span class='ocrx_word' id='word_1_244' title='bbox 1363 2584 1620 2625; x_wconf 79' lang='lat' dir='ltr'>instructam</span> 
     </span>
     <span class='ocr_line' id='line_1_35' title="bbox 86 2653 1619 2708; baseline -0.003 -11"><span class='ocrx_word' id='word_1_245' title='bbox 86 2656 232 2697; x_wconf 86' lang='lat' dir='ltr'>videre</span> <span class='ocrx_word' id='word_1_246' title='bbox 263 2654 445 2705; x_wconf 82' lang='lat' dir='ltr'>credidi3</span> <span class='ocrx_word' id='word_1_247' title='bbox 478 2654 712 2708; x_wconf 88' lang='lat' dir='ltr'>gelatinam</span> <span class='ocrx_word' id='word_1_248' title='bbox 744 2655 858 2697; x_wconf 90' lang='lat' dir='ltr'>circa</span> <span class='ocrx_word' id='word_1_249' title='bbox 890 2654 1088 2696; x_wconf 86' lang='lat' dir='ltr'>nucleum</span> <span class='ocrx_word' id='word_1_250' title='bbox 1120 2667 1203 2695; x_wconf 89' lang='lat' dir='ltr'>non</span> <span class='ocrx_word' id='word_1_251' title='bbox 1243 2653 1490 2694; x_wconf 88' lang='lat' dir='ltr'>distinctam</span> <span class='ocrx_word' id='word_1_252' title='bbox 1519 2653 1619 2703; x_wconf 81' lang='lat' dir='ltr'>vidi,</span> 
     </span>
     <span class='ocr_line' id='line_1_36' title="bbox 85 2722 1621 2776; baseline -0.003 -10"><span class='ocrx_word' id='word_1_253' title='bbox 85 2739 162 2766; x_wconf 89' lang='lat' dir='ltr'>nec</span> <span class='ocrx_word' id='word_1_254' title='bbox 193 2724 267 2766; x_wconf 86' lang='lat' dir='ltr'>fila</span> <span class='ocrx_word' id='word_1_255' title='bbox 298 2723 464 2766; x_wconf 88' lang='lat' dir='ltr'>sterilia</span> <span class='ocrx_word' id='word_1_256' title='bbox 494 2723 693 2766; x_wconf 88' lang='lat' dir='ltr'>nucleum</span> <span class='ocrx_word' id='word_1_257' title='bbox 723 2725 766 2765; x_wconf 91' lang='lat' dir='ltr'>in</span> <span class='ocrx_word' id='word_1_258' title='bbox 798 2723 1015 2765; x_wconf 86' lang='lat' dir='ltr'>nucleolos</span> <span class='ocrx_word' id='word_1_259' title='bbox 1055 2723 1315 2776; x_wconf 87' lang='lat' dir='ltr'>separantia.</span> <span class='ocrx_word' id='word_1_260' title='bbox 1377 2722 1621 2763; x_wconf 76' lang='lat' dir='ltr'>Gremmidia</span> 
     </span>
     <span class='ocr_line' id='line_1_37' title="bbox 84 2791 1619 2847; baseline -0.001 -13"><span class='ocrx_word' id='word_1_261' title='bbox 84 2793 384 2847; x_wconf 81' lang='lat' dir='ltr'>magnitudine</span> <span class='ocrx_word' id='word_1_262' title='bbox 415 2795 455 2833; x_wconf 86' lang='lat' dir='ltr'>et</span> <span class='ocrx_word' id='word_1_263' title='bbox 486 2791 626 2833; x_wconf 85' lang='lat' dir='ltr'>forma</span> <span class='ocrx_word' id='word_1_264' title='bbox 654 2806 751 2834; x_wconf 89' lang='lat' dir='ltr'>cum</span> <span class='ocrx_word' id='word_1_265' title='bbox 782 2793 833 2834; x_wconf 90' lang='lat' dir='ltr'>iis</span> <span class='ocrx_word' id='word_1_266' title='bbox 862 2791 1069 2833; x_wconf 85' lang='lat' dir='ltr'>Plocamii</span> <span class='ocrx_word' id='word_1_267' title='bbox 1108 2794 1175 2832; x_wconf 88' lang='lat' dir='ltr'>sat</span> <span class='ocrx_word' id='word_1_268' title='bbox 1219 2791 1527 2838; x_wconf 72' lang='lat' dir='ltr'>convenientia,</span> <span class='ocrx_word' id='word_1_269' title='bbox 1574 2795 1619 2833; x_wconf 82' lang='lat' dir='ltr'>at</span> 
     </span>
     <span class='ocr_line' id='line_1_38' title="bbox 86 2860 810 2902; baseline 0 0"><span class='ocrx_word' id='word_1_270' title='bbox 86 2862 246 2902; x_wconf 86' lang='lat' dir='ltr'>arctius</span> <span class='ocrx_word' id='word_1_271' title='bbox 278 2861 323 2901; x_wconf 89' lang='lat' dir='ltr'>in</span> <span class='ocrx_word' id='word_1_272' title='bbox 354 2860 552 2902; x_wconf 89' lang='lat' dir='ltr'>nucleum</span> <span class='ocrx_word' id='word_1_273' title='bbox 584 2860 810 2902; x_wconf 72' lang='lat' dir='ltr'>cohaerent.</span> 
     </span>
    </p>
   </div>
  </div>
 </body>
</html>
