1757 3114
1599 120 1679 161 699

143 238 198 282 ad
230 252 326 293 pag.
360 238 460 279 462:

144 344 444 386 NITOPHYLLUM
475 343 745 397 (DURVILLEI)
777 355 1084 383 snmcos'rA'rUM
1116 341 1161 385 J.
1195 343 1275 396 Ay.
1305 357 1429 385 mser.

408 411 474 453 Ad
507 411 702 452 Dunedin
735 409 867 452 Novae
901 409 1142 452 Zelandiae:
1175 411 1411 466 Berggren!

237 506 436 551 Specimen
462 507 609 539 tantum
636 503 788 537 unicum
815 502 893 537 vidi
919 504 1060 547 plantae
1088 503 1402 539 distinctissimae.
1454 506 1680 550 Comparata

146 563 403 608 descriptione
430 566 468 597 et
493 562 599 597 icone
636 562 808 604 Boryana
845 573 928 596 cum
968 565 1097 596 nostra
1123 565 1161 596 et
1186 562 1411 608 Harveyana
1435 563 1473 597 in
1499 564 1556 597 Fl.
1583 564 1678 600 Nov.

145 622 301 657 Zeland.
329 620 533 665 descripta,
559 619 652 653 mihi
689 619 839 662 quidem
878 620 941 653 vix
973 620 1126 654 dubium
1153 620 1305 654 videtur
1330 621 1479 665 plantas
1507 622 1678 656 diversas

147 679 214 713 sub
241 677 392 712 nomine
418 678 461 712 N.
488 676 687 710 Durvillaei
718 676 834 710 fuisse
861 676 1088 721 descriptas.
1136 676 1272 712 Planta
1308 677 1484 712 nimirum
1509 679 1682 722 Boryana

147 737 265 772 multo
298 735 495 781 angustior
521 738 560 769 et
586 734 705 780 magis
746 734 954 778 subdivisa,
992 735 1096 770 nullo
1134 736 1285 770 omnino
1322 735 1463 770 indicio
1501 739 1615 771 costae
1641 736 1680 770 in

147 795 253 829 icone
291 793 542 836 observando,
579 803 701 835 neque
734 791 773 825 in
799 791 1057 835 descriptione
1095 794 1239 826 costam
1278 792 1420 837 stipitis
1459 793 1682 828 memoravit

148 853 259 895 Bory.
307 851 457 894 Harvey
495 852 652 892 costam,
690 860 771 892 quae
806 848 976 893 stipitem
1003 851 1041 883 et
1065 848 1222 883 lacinias
1248 849 1446 883 inferiores
1474 849 1681 884 evidentis-

150 909 242 943 sime
267 907 460 953 percurrit
485 910 524 941 et
560 906 753 951 expressis
792 905 919 940 verbis
958 905 1142 939 indicavit
1178 909 1291 949 atque
1329 906 1494 951 speciem
1529 919 1610 941 cum
1636 908 1682 943 N.

148 967 370 1011 platycarpo
408 963 653 1008 comparavit.
702 963 780 997 Hac
817 966 923 997 costa
948 975 968 997 a
994 962 1126 1008 stipite
1164 963 1331 1008 ancipite
1370 965 1416 998 ad
1452 964 1683 1009 principales

148 1022 305 1057 lacinias
331 1021 475 1055 frondis
504 1023 730 1054 excurrente
758 1020 903 1065 species
930 1023 1061 1055 nostra
1087 1031 1107 1054 a
1132 1020 1176 1055 N.
1204 1021 1386 1065 palmato,
1418 1021 1510 1056 alias
1537 1022 1684 1056 similli—

150 1092 221 1123 mo,
249 1079 510 1123 dignoscatur.
561 1077 641 1112 Sori
668 1077 790 1122 magis
816 1077 1197 1122 rotundato-oblongi
1224 1089 1335 1121 quam
1365 1078 1404 1112 in
1429 1079 1474 1112 N.
1501 1080 1685 1124 palmato,

151 1137 218 1172 sed
244 1137 375 1172 eodem
400 1136 510 1171 modo
535 1135 692 1169 lacinias
729 1134 940 1169 exteriores
971 1134 1116 1169 frondis
1143 1138 1386 1179 occupantes,
1412 1147 1481 1170 nec
1506 1139 1549 1170 ut
1574 1137 1613 1171 in
1639 1137 1684 1172 N.

151 1194 373 1239 platycarpo
397 1191 643 1238 marginales.

154 1292 453 1334 NITOPHYLLUM
484 1303 817 1330 FLABELLIGERUM
848 1288 916 1342 (J.
950 1287 1030 1341 Ay]
1062 1289 1208 1343 mser.)
1253 1287 1405 1330 fronde
1442 1303 1573 1342 supra
1610 1289 1686 1330 ad-

267 1364 469 1415 paratum
492 1358 724 1400 radicalem
746 1357 1003 1399 laminatum
1027 1357 1312 1399 erectiuscula
1333 1358 1499 1412 majori,
1522 1358 1687 1401 inferne

267 1431 384 1471 intra
431 1429 635 1470 laminam
682 1428 981 1481 persistentem
1028 1427 1268 1469 incrassata
1313 1428 1572 1476 subcostata,
1619 1443 1688 1469 su-

269 1513 400 1553 perne
448 1495 1055 1550 subpinnatifido-dichotoma
1100 1496 1330 1548 segmentis
1370 1511 1481 1537 nunc
1514 1496 1688 1550 subpal-

271 1570 423 1612 matim
455 1567 765 1622 adproximatis
796 1566 884 1608 late
916 1565 1164 1613 linearibus,
1193 1579 1219 1607 a
1248 1566 1365 1607 disco
1397 1580 1544 1607 versus
1575 1580 1689 1608 mar-

271 1640 389 1692 gines
430 1637 658 1691 apicesque
688 1634 942 1677 flabellatim
984 1634 1184 1679 nervosis,
1219 1634 1326 1675 soris
1370 1648 1501 1687 supra
1540 1648 1690 1676 nervos

271 1707 497 1760 utriusque
527 1705 693 1758 paginae
716 1704 896 1746 evolutis
918 1703 1055 1745 lineas
1077 1703 1300 1757 elongatas
1322 1701 1574 1744 flabellatim
1597 1717 1691 1744 ver-

271 1790 342 1817 sus
375 1775 592 1828 margines
623 1776 899 1815 excurrentes
930 1771 1231 1814 formantibus.

326 1843 437 1886 Hab.
469 1843 513 1884 in
544 1841 690 1884 littore
722 1840 968 1883 Californiae
1002 1840 1055 1882 ad
1088 1840 1255 1882 Golden
1287 1840 1408 1881 Gate.

248 1923 516 1968 Magnitudine
543 1925 581 1956 et
607 1922 685 1956 fere
711 1920 843 1956 habitu
869 1921 913 1956 N.
941 1920 1167 1966 platycarpi,
1199 1919 1505 1954 fructificationis
1533 1919 1694 1964 disposi-

158 1983 261 2018 tione
287 1982 333 2016 ad
359 1981 405 2015 N.
431 1979 697 2023 Harveyanum
729 1979 925 2012 tendente.
976 1978 1056 2012 Sec.
1084 1977 1291 2022 specimina
1315 1988 1444 2021 pauca,
1482 1988 1565 2020 quae
1603 1976 1694 2019 vidi,

160 2040 283 2075 minus
310 2039 527 2073 caulescens
560 2035 713 2071 videtur
749 2048 859 2080 quam
885 2036 930 2070 N.
959 2036 1236 2081 platycarpiim,
1273 2037 1378 2068 costa
1413 2037 1540 2067 tamen
1566 2034 1605 2067 in
1632 2046 1693 2068 no-

162 2097 251 2131 stris
279 2095 479 2131 admodum
505 2093 707 2138 conspicua
733 2096 771 2127 et
796 2092 937 2127 lamina
974 2092 1096 2128 firma:
1135 2091 1242 2126 nervi
1280 2091 1446 2137 elongati
1480 2091 1693 2125 flabellifor-

161 2154 274 2188 miter
301 2164 464 2198 superne
491 2153 739 2186 excurrentes
765 2149 803 2183 in
829 2150 970 2195 pagina
996 2151 1064 2184 sub
1090 2149 1210 2184 forma
1235 2160 1414 2183 venarum
1453 2160 1582 2192 parum
1610 2159 1695 2182 con-

162 2211 374 2256 conspicui;
400 2213 622 2244 transversa
647 2211 751 2242 secta
775 2207 915 2241 lamina
946 2206 1117 2251 pluribus
1156 2205 1327 2240 seriebus
1364 2205 1585 2239 cellularum
1611 2217 1696 2239 con-

163 2269 299 2303 stituta
331 2267 494 2308 videtur,
532 2265 679 2300 cellulis
718 2264 966 2299 interioribus
993 2263 1031 2297 in
1058 2263 1186 2297 nervis
1211 2262 1397 2307 pluribus.
1447 2262 1514 2295 His
1540 2261 1632 2296 locis
1659 2261 1695 2295 in

162 2330 322 2370 utraque
347 2325 488 2370 pagina
512 2324 788 2368 sphaerosporae
814 2334 941 2367 paucae
968 2321 1212 2367 proveniunt,
1238 2320 1337 2354 unde
1362 2332 1382 2353 a
1406 2319 1546 2364 pagina
1571 2319 1697 2353 obser-

163 2383 242 2419 vati
269 2382 344 2418 sori
370 2382 492 2416 lineas
519 2383 700 2426 angustas
728 2379 949 2415 flabellatim
977 2380 1224 2412 excurrentes
1250 2376 1411 2411 formare
1439 2375 1629 2410 videntur.

164 2477 219 2520 ad
250 2490 346 2531 pag.
379 2476 478 2516 464:
511 2473 810 2515 NITOPHYLLUM
840 2484 1098 2514 LATISSIMUM.

255 2582 374 2626 Hujus
400 2581 564 2626 plurima
589 2579 795 2624 specimina
819 2579 865 2613 ad
890 2577 1150 2613 Golden-Gate
1175 2588 1196 2610 a
1221 2576 1418 2619 Berggren
1444 2575 1556 2616 lecta,
1576 2575 1700 2609 omnia

166 2642 280 2675 aetate
307 2638 507 2672 admodum
523 2639 704 2681 provecta
723 2640 760 2670 et
779 2635 916 2670 eximie
933 2634 1142 2676 fructifera,
1161 2634 1377 2667 monstrant
1394 2631 1563 2675 plantam
1581 2643 1699 2675 usque

167 2695 483 2740 sesquipedalem.
511 2706 624 2738 supra
660 2693 831 2737 stipitem
869 2694 1070 2726 cuneatum
1105 2692 1259 2723 brevem
1284 2689 1323 2722 in
1349 2687 1523 2722 laciniam
1550 2688 1699 2723 sublan-

167 2754 350 2789 ceolatam
372 2751 470 2786 lobis
489 2750 636 2796 magnis
654 2751 782 2795 paucis
801 2751 885 2794 plus
903 2748 1027 2782 minus
1046 2746 1232 2791 profunde
1250 2745 1444 2790 partitam,
1464 2746 1582 2778 totam
1601 2744 1702 2778 intra

167 2809 378 2855 marginem
402 2811 555 2842 tenuem
580 2808 707 2842 nervis
733 2805 1036 2853 prominentibus
1061 2801 1392 2847 longitudinaliter
1411 2801 1700 2836 excurrentibus

169 2870 208 2904 et
232 2864 604 2903 anastomosantibus
641 2863 680 2899 in
717 2875 824 2899 areas
861 2864 1043 2910 oblongas
1081 2860 1279 2910 angulatas
1318 2858 1565 2895 subdiv1sam.
1618 2857 1702 2895 Sori
