1757 3114
76 154 420 210 Rhododactylis.
714 156 990 198 HYPNEAOEAE.
1523 159 1601 201 567

72 270 204 313 limbo
235 269 353 311 tenui
383 268 554 323 hyalino
585 270 791 323 cingitur3
823 270 950 325 hujus
981 269 1101 312 limbi
1122 271 1165 312 in
1186 271 1338 325 planta
1360 273 1495 314 sterili
1517 273 1602 314 dis-

73 342 190 381 secta
220 339 288 380 vix
318 336 441 380 adest
470 336 688 380 indicium.
748 337 1011 379 Cellularum
1042 339 1231 382 seriebus
1262 340 1474 394 pluribus,
1495 355 1603 395 qua-

71 421 167 449 rum
198 407 424 448 interiores
457 406 608 448 saltem
645 406 883 448 evidentius
920 408 1199 450 concentricae
1231 412 1273 451 et
1303 409 1433 463 paulo
1465 409 1603 464 longi-

72 490 166 518 ores
198 480 298 518 sunt
328 490 457 530 quam
480 476 659 528 extimae,
691 476 981 530 pericarpium
1010 478 1344 521 crassiusculum
1365 479 1605 522 confectum

71 549 154 597 est3
188 546 306 599 apice
338 546 598 599 expanditur
629 546 673 587 in
703 545 1037 599 carpostomium
1066 560 1221 599 parum
1242 549 1511 602 productum,
1535 563 1604 590 ca-

71 613 159 655 nali
189 617 372 667 angusto
404 614 458 656 ab
499 614 619 667 apice
656 614 801 667 pervio
832 613 887 654 ad
919 613 1118 655 nucleum
1150 615 1344 658 ducente.
1403 612 1604 666 Nucleus,

71 682 159 739 nisi
185 682 370 724 sectione
402 682 635 724 admodum
666 683 783 723 tenui
820 682 1086 733 observatur,
1126 688 1194 724 sat
1231 685 1476 727 inordinate
1507 700 1605 727 con-

71 750 334 804 glomeratus
381 755 602 804 appareat,
650 755 697 792 ut
733 750 821 792 fere
858 751 901 791 in
931 751 1050 792 icone
1082 751 1351 807 Harveyana.
1411 752 1486 794 Sin
1516 767 1606 795 sec-

71 819 185 860 tione
218 819 321 861 satis
353 819 473 861 tenui
505 819 803 872 conspiciatur,
835 819 1043 861 nucleolis
1065 821 1304 862 numerosis
1325 824 1522 863 constare
1544 822 1604 863 vi-

69 887 216 938 detur3
264 887 448 928 nucleoli
494 891 752 940 separantur
789 886 872 928 filis
904 889 1326 931 anastomosantibus
1357 903 1383 930 a
1413 889 1505 931 basi
1537 904 1606 944 cy-

69 955 273 1009 stocarpii
303 955 359 996 ad
388 959 547 996 tectum
579 955 809 1009 pericarpii
840 956 1045 998 extensis:
1079 957 1123 997 in
1154 957 1266 998 areis
1289 957 1477 1009 minutis,
1511 972 1606 1012 quae

70 1023 248 1065 reticulo
278 1022 449 1064 filorum
481 1024 898 1065 anastomosantium
931 1028 1203 1078 separantur,
1236 1026 1420 1068 nucleoli
1451 1026 1608 1080 singuli

68 1091 159 1133 fero
191 1091 233 1132 in
264 1090 403 1133 medio
436 1092 632 1150 suspensi
662 1092 831 1144 adsunt,
865 1093 1106 1146 gemmidiis
1139 1094 1322 1147 singulis
1354 1099 1430 1137 aut
1460 1096 1609 1149 paucis

70 1161 301 1215 majoribus
324 1161 459 1214 magis
481 1162 675 1213 maturis,
699 1161 880 1216 aliisque
901 1163 1100 1216 pluribus
1123 1164 1361 1206 minoribus
1392 1164 1481 1206 fere
1503 1179 1608 1219 quo-

69 1243 325 1283 quoversum
354 1229 626 1271 radiantibus
651 1234 908 1272 constantes.
949 1232 1076 1273 Patet
1098 1232 1306 1286 ejusmodi
1337 1234 1607 1286 compositio-

69 1310 167 1339 nem·
182 1298 322 1339 nuclei
339 1298 464 1352 longe
482 1298 656 1340 differre
678 1312 704 1340 a
726 1303 945 1341 structura
961 1300 1214 1352 Keramidii,
1238 1301 1359 1356 cujus
1376 1302 1610 1355 gemmidia

69 1380 95 1407 a
116 1367 253 1409 basali
275 1366 475 1420 placenta
496 1368 713 1409 radiantia
734 1368 987 1423 pyriformia
1009 1373 1051 1411 et
1072 1370 1268 1424 stipitata
1289 1371 1332 1412 in
1354 1370 1608 1413 Chondrieis

69 1439 110 1477 et
132 1436 431 1478 Rhodomeleis
454 1438 651 1479 omnibus
673 1452 827 1491 parum
850 1438 1109 1492 discrepant.
1142 1438 1384 1481 Consimilis
1415 1454 1511 1482 Cum
1536 1440 1607 1483 Ch.

68 1505 200 1546 rubra
245 1520 343 1546 vero
388 1505 511 1547 adest
556 1505 779 1558 dispositio
819 1510 909 1548 tum
948 1508 991 1548 in
1023 1508 1286 1561 Gigartineis
1334 1509 1607 1562 quibusdam,

69 1587 252 1626 quorum
285 1574 467 1615 nucleoli
506 1578 649 1615 tamen
689 1578 909 1616 structura
946 1576 1156 1629 penitiore
1187 1577 1358 1618 omnino
1390 1576 1607 1629 differunt,

68 1646 158 1682 tum
194 1642 238 1683 in
269 1642 449 1696 Hypnea
480 1648 521 1683 et
552 1643 792 1685 Generibus
824 1644 922 1685 huic
961 1646 1180 1698 proximis,
1227 1660 1322 1700 quae
1368 1646 1609 1699 gemmidiis

68 1710 246 1751 invicem
280 1710 510 1752 subliberis
543 1716 753 1764 praeterea
797 1714 1082 1767 congruentia
1128 1713 1340 1756 videntur.
1401 1713 1445 1756 Si
1476 1715 1609 1768 igitur

69 1782 332 1820 structuram
363 1779 426 1820 ita
456 1780 537 1821 rite
569 1780 760 1830 viderim,
793 1786 976 1835 apparet
1024 1781 1285 1824 Chondriam
1330 1785 1505 1823 rubram
1553 1782 1607 1824 ad

69 1846 348 1901 Hypneaceas
380 1861 472 1889 esse
512 1848 871 1890 transferendam.
932 1849 1038 1890 Cum
1072 1850 1251 1904 Hypnea
1280 1850 1607 1903 congenericam

70 1929 160 1957 esse
192 1915 259 1957 vix
291 1919 435 1957 tamen
467 1916 736 1965 crediderim,
770 1918 919 1958 habitu
952 1918 1128 1959 nimium
1163 1919 1408 1969 abludente,
1441 1922 1483 1960 et
1513 1933 1607 1960 car-

70 1984 280 2037 postomio
312 1989 533 2037 praesente,
559 1986 739 2038 gradum
763 1986 1017 2028 evolutionis
1040 1988 1306 2040 superiorem
1328 1988 1475 2029 forsan
1498 1987 1608 2028 indi-

71 2055 206 2093 cante.
280 2052 451 2093 Ramuli
497 2053 740 2095 fusifornies
786 2059 929 2095 tamen
976 2069 1051 2096 nec
1099 2056 1288 2109 Hypneis
1341 2055 1483 2107 alieni,
1530 2070 1607 2097 nec

71 2123 291 2162 structura
321 2121 485 2162 frondis
517 2122 748 2163 admodum
782 2123 962 2164 diversa.
1021 2123 1181 2165 Nostra
1213 2124 1447 2177 specimina
1468 2124 1606 2166 abuu-

71 2189 175 2230 dant
194 2189 386 2243 granulis
404 2177 643 2244 amylaceis,
663 2191 777 2232 intra
799 2191 975 2233 cellulas
993 2192 1266 2233 coacervatis.
1300 2193 1407 2233 Hinc
1425 2193 1609 2234 dissecta

70 2257 222 2299 fronde
254 2260 475 2299 structura
511 2259 814 2313 polysiphonia
850 2260 1082 2302 admodum
1121 2261 1351 2314 conspicua
1381 2260 1440 2302 fit.
1501 2261 1607 2302 Pars

70 2326 249 2368 inferior
280 2326 521 2369 incrassata
551 2328 715 2370 frondis
747 2329 961 2382 praecipue
994 2330 1236 2372 evolutione
1268 2330 1395 2371 strati
1427 2331 1607 2372 cortica-

70 2394 123 2436 lis
169 2399 266 2436 orta
310 2394 499 2442 videtur;
545 2400 729 2438 stratum
778 2398 977 2439 nimirum
1022 2399 1239 2439 internum
1279 2398 1321 2439 in
1360 2398 1440 2439 hac
1471 2402 1606 2452 parte,

72 2463 186 2517 quod
218 2463 578 2517 decompositione
609 2467 746 2519 partis
777 2467 994 2508 interioris
1024 2466 1334 2520 polysiphoniae
1365 2469 1507 2507 ortum
1529 2481 1606 2520 pu-

71 2536 222 2581 tarem,
255 2547 339 2573 non
371 2532 599 2574 admodum
633 2534 830 2586 increvitg
871 2539 916 2576 at
946 2535 1026 2576 hoc
1058 2535 1243 2588 cingitur
1274 2535 1438 2577 inferne
1471 2539 1607 2578 strato

72 2599 216 2653 amplo
247 2599 501 2642 cellularum
534 2603 807 2651 exteriorum,
848 2604 968 2657 cujus
1015 2616 1198 2656 superne
1230 2603 1298 2644 vix
1329 2604 1409 2644 nisi
1440 2604 1483 2644 in
1513 2605 1606 2658 ipso

73 2671 211 2709 strato
257 2669 449 2710 corticali
495 2670 616 2711 adest
662 2671 846 2725 analoga
891 2685 1005 2725 pars.
1068 2671 1385 2725 Spliaerosporae
1418 2673 1607 2715 nondum

74 2738 327 2785 observatae;
360 2738 535 2779 detectae
568 2738 675 2781 alias
706 2740 972 2781 differentias
1004 2739 1150 2781 forsan
1182 2740 1414 2792 praebeant.

187 2807 349 2848 Praeter
380 2806 643 2849 Chondriam
677 2809 868 2859 rubram,
902 2808 1032 2849 aliam
1071 2809 1254 2862 speciem
1294 2808 1604 2864 Harveyanam,

74 2875 214 2916 adhuc
246 2876 387 2917 minus
418 2875 633 2930 cognitam
666 2878 721 2919 ad
752 2891 909 2919 novum
943 2877 1087 2919 Genus
1118 2876 1270 2919 refero.
1312 2876 1449 2933 Hujus
1482 2879 1604 2922 nimi-
