1757 3114
1585 117 1665 161 685

247 243 438 294 laevibus,
470 238 795 295 gemmidiiferis
825 250 902 290 per
946 239 1083 277 totam
1129 232 1397 287 superficiem
1442 233 1668 285 ipsumque

248 311 488 365 marginem
519 307 753 363 papillosis,
784 305 901 346 linea
931 306 1116 357 angusta
1145 303 1262 343 intra
1299 299 1530 353 marginali
1568 299 1668 340 sub-

246 379 385 430 nudis,
419 378 593 433 papillis
624 373 894 431 cystocarpia
924 371 1096 426 singula
1125 371 1287 412 mutica
1317 367 1577 422 gerentibus.

132 498 224 527 var.
256 499 296 526 a.
339 496 527 524 GUNEATA
564 479 790 522 frondibus
835 475 1001 517 inferne
1047 473 1243 515 cuneatis
1288 471 1551 526 simplicibus
1596 473 1672 511 aut

247 551 420 606 parcius
453 547 779 591 subdichotome
810 542 1037 591 laciniatis,
1070 541 1242 583 demum
1278 540 1381 582 folia
1410 538 1671 581 lanceolato-

249 620 436 674 oblonga
475 618 641 672 majora
678 613 980 658 formantibus.
1012 611 1067 653 G.
1095 611 1313 666 yradifida
1344 609 1390 653 J.
1424 609 1505 664 Ay.
1535 622 1670 662 supra

242 703 348 742 pay.
382 688 474 729 199.

135 797 226 825 var.
259 782 296 823 b.
327 793 539 822 LATIFOLIA
572 777 796 820 frondibus
828 788 961 828 supra
1007 772 1198 826 stipitem
1236 770 1527 813 reniformiter
1565 768 1673 811 dila-

249 851 353 892 tatis
384 849 617 899 latissimis,
650 859 834 900 superne
865 841 1174 896 subpalmatim
1204 841 1417 881 laciniatis
1449 843 1492 881 et
1513 853 1538 880 a
1560 852 1672 880 mar-

251 920 348 974 gine
379 918 537 973 phyllis
569 930 681 970 saepe
713 913 910 969 plurimis
942 910 1283 966 prolificantibus
1315 909 1477 951 obsitis.

247 999 357 1041 Hah.
389 998 445 1039 ad
476 1011 575 1039 oras
606 995 736 1038 Novae
767 993 981 1036 Zelandiae
1012 995 1055 1033 et
1085 989 1248 1031 insulas
1280 987 1475 1030 Chatam.

226 1091 431 1134 Postquam
456 1089 553 1124 hanc
579 1088 745 1133 speciem
785 1097 898 1131 supra
924 1096 1009 1130 pag.
1038 1083 1104 1117 199
1141 1082 1366 1117 adumbrare
1398 1084 1554 1116 conatus
1581 1093 1676 1125 sum,

135 1148 271 1183 seriem
298 1147 548 1192 speciminum
574 1156 593 1179 e
619 1145 725 1180 Nova
750 1142 932 1178 Zelandia
956 1152 1080 1176 coram
1106 1139 1234 1184 habui,
1259 1150 1342 1183 quae
1370 1138 1533 1183 speciem
1553 1138 1677 1172 admo-

137 1205 225 1239 dum
251 1204 539 1250 polymorpham
577 1202 818 1243 monstrant,';
840 1211 955 1244 quare
982 1209 1079 1233 nova
1106 1196 1280 1242 diagnosi
1318 1197 1481 1241 speciem
1519 1195 1677 1230 definire

137 1262 264 1296 malui.
314 1262 406 1295 Duae
433 1260 625 1305 praecipue
651 1256 934 1303 distinguendae
960 1255 1109 1290 formae:
1136 1258 1279 1299 praeter
1310 1253 1469 1288 formam
1500 1253 1677 1299 primitus

138 1318 386 1363 descriptam,
424 1317 582 1352 obvenit
618 1315 795 1350 nimirum
833 1314 919 1357 alia,
956 1313 1088 1348 fronde
1126 1312 1326 1354 latissima,
1365 1322 1477 1356 supra
1510 1310 1680 1356 stipitem

138 1378 339 1410 cuneatum
364 1376 518 1410 brevem
544 1385 631 1408 mox
656 1372 843 1407 latissime
871 1381 1051 1415 expansa,
1078 1369 1159 1403 basi
1187 1369 1343 1403 cordata
1368 1373 1431 1403 aut
1449 1368 1562 1402 immo
1580 1368 1680 1402 reni-

137 1432 261 1476 formi‚
288 1443 452 1476 superne
478 1430 661 1465 laciniata
686 1432 723 1464 et
749 1440 769 1463 a
794 1427 966 1473 margine
993 1426 1136 1472 phyllis
1163 1426 1272 1461 novis
1299 1425 1491 1470 prolifera.
1534 1424 1678 1459 Foliola

137 1489 394 1534 prolificantia
414 1487 600 1533 juvenilia
626 1489 715 1521 sunt
739 1485 888 1520 inferne
915 1486 1089 1525 cuneata,
1116 1483 1223 1528 apice
1250 1495 1351 1528 saepe
1378 1494 1462 1516 mox
1481 1481 1597 1517 bifida
1617 1485 1680 1515 aut

140 1546 338 1590 laciniata,
365 1545 514 1580 laciniis
542 1544 684 1579 sensim
711 1541 1037 1585 excrescentibus,
1064 1540 1149 1575 aliis
1175 1540 1303 1574 forsan
1329 1538 1600 1573 dilaceratione
1619 1549 1677 1572 or-

140 1604 204 1638 tis.
255 1601 469 1647 Specimina
492 1600 690 1636 frondibus
717 1599 800 1634 basi
826 1598 1012 1640 cuneatis,
1039 1597 1186 1641 aliaque
1213 1597 1369 1631 cordata
1394 1595 1475 1630 basi
1494 1594 1683 1629 latissima

139 1660 342 1703 instructa,
379 1659 424 1693 ab
463 1657 595 1692 eodem
633 1655 865 1701 expansione
903 1654 1061 1689 radicali
1100 1653 1368 1699 provenientia
1405 1663 1530 1687 coram
1555 1651 1681 1687 habui.

139 1716 386 1763 Cystocarpia
409 1715 449 1750 in
474 1715 644 1761 papillis,
671 1716 709 1748 et
736 1725 841 1749 soros
867 1713 1109 1757 rotundatos,
1146 1712 1272 1747 frondi
1310 1711 1523 1754 immersos,
1563 1709 1601 1744 in
1628 1709 1683 1744 di-

140 1774 261 1811 versis
287 1773 497 1809 induvidiis
523 1773 615 1809 vidi.

233 1833 466 1878 Fragmenta
490 1832 600 1876 hujus
628 1843 649 1866 a
674 1830 717 1865 G.
744 1829 1015 1865 circumcincta
1033 1839 1135 1873 aegre
1155 1827 1446 1873 dignoscantur:
1476 1824 1685 1871 specimina

140 1890 332 1936 completa
356 1889 517 1924 facilius.
567 1888 693 1933 Stipes
720 1888 759 1922 in
786 1887 830 1922 G.
857 1886 1130 1921 circumcincta
1147 1886 1243 1920 bene
1263 1884 1416 1919 evoluta
1435 1886 1494 1918 est
1512 1882 1682 1918 brevior:

140 1948 242 1983 basis
268 1947 388 1992 ipsius
415 1946 562 1982 frondis
589 1948 649 1981 est
684 1944 870 1980 latissime
907 1946 1031 1986 ovata,
1058 1943 1121 1978 vix
1158 1942 1314 1978 cordata
1350 1944 1415 1976 aut
1451 1939 1685 1978 renisormis:

140 2006 261 2050 ipsam
287 2004 460 2039 frondem
486 2003 565 2038 vidi
592 2003 796 2048 integram,
823 2001 897 2036 nisi
916 2000 1190 2035 dilaceratione
1209 1999 1298 2034 fissa
1314 1998 1448 2037 fuerit:
1474 1997 1685 2043 marginem

142 2063 341 2097 dentatum
357 2064 422 2096 aut
436 2060 590 2106 papillis
616 2060 862 2104 inaequalem
881 2069 970 2094 vere
988 2057 1170 2102 prolifera
1189 2055 1396 2101 specimina
1413 2055 1580 2090 nondum
1594 2054 1685 2090 vidi.

143 2118 186 2153 In
212 2117 255 2152 G.
281 2116 498 2163 grandifida
522 2117 678 2151 frondes
709 2127 855 2160 quoque
877 2114 1067 2159 juveniles
1095 2104 1195 2158 saepe
1223 2113 1327 2158 apice
1352 2112 1487 2147 bifidas
1514 2114 1578 2145 aut
1596 2111 1685 2145 laci—

143 2175 287 2216 niatas3
315 2174 523 2209 adultiores
551 2174 701 2208 demum
731 2172 932 2207 admodum
957 2171 1155 2206 laciniatas
1188 2170 1406 2216 phyllisque
1439 2167 1685 2214 prolificanti-

144 2233 214 2267 bus
241 2231 457 2267 subdivisas
484 2231 581 2273 vidi;
618 2230 772 2266 frondes
811 2228 1062 2275 cystocarpiis
1100 2229 1309 2263 instructas
1346 2227 1457 2271 paulo
1492 2224 1686 2260 tenuiores

143 2301 255 2334 quam
291 2288 331 2322 in
373 2287 415 2322 G.
453 2287 739 2331 circumcincta,
777 2287 978 2333 glandulas
1017 2285 1233 2320 fructiferas
1272 2283 1467 2318 densiores
1506 2285 1545 2316 et
1575 2283 1687 2327 paulo

144 2348 310 2382 minores
337 2347 541 2381 observare
568 2346 728 2390 credidi,
761 2345 885 2391 spatio
921 2342 1248 2388 intra-marginali
1284 2339 1533 2387 cystocarpiis
1571 2339 1685 2374 denu-

145 2404 234 2439 dato
260 2402 501 2449 angustiore;
540 2403 709 2448 plantam
748 2400 1126 2447 sphaerosporiferam
1164 2399 1284 2434 multo
1316 2397 1556 2441 crassiorem,
1582 2399 1622 2431 ut
1648 2396 1688 2430 in

149 2460 348 2506 speciebus
376 2459 549 2494 affinibus
576 2471 708 2494 norma
733 2459 929 2504 adpareat.

238 2517 310 2551 Diu
336 2515 509 2552 dubitavi
535 2518 661 2550 utrum
686 2516 885 2562 Halymen.
924 2513 1150 2548 latissimam
1186 2511 1302 2546 Harv.
1328 2511 1475 2546 forman
1500 2511 1688 2555 quandam

147 2574 268 2619 magis
294 2573 490 2608 insolitam
517 2575 660 2608 nostrae
695 2572 837 2618 speciei
868 2570 1164 2613 considerarem,
1191 2580 1237 2602 an
1264 2567 1430 2612 speciem
1455 2567 1608 2602 omnino
1634 2567 1672 2601 di

148 2643 310 2668 versam.
347 2631 443 2666 Sunt
469 2630 568 2665 enim
594 2631 633 2665 in
659 2631 719 2675 iis,
739 2642 821 2675 quae
841 2630 886 2664 de
914 2640 981 2663 sua
1007 2627 1132 2672 specie
1159 2626 1258 2660 dixit
1282 2624 1448 2669 Harvey,
1474 2627 1691 2669 comparata

149 2690 340 2735 praecipue
366 2689 474 2723 icone
501 2688 771 2734 Kiitzingiana,
805 2687 988 2723 nonnulla
1013 2696 1095 2730 quae
1124 2685 1161 2719 in
1187 2687 1357 2718 nostram
1383 2683 1483 2717 haud
1508 2683 1606 2717 male
1632 2694 1689 2717 ca-

150 2748 257 2785 dunt.
304 2746 425 2790 Quum
452 2757 542 2781 vero
567 2746 717 2791 Harvey
744 2757 849 2780 suam
881 2743 1144 2779 tenuissimam
1170 2741 1282 2786 dixit,
1308 2745 1348 2776 et
1372 2752 1456 2775 cum
1482 2741 1566 2775 Hal.
1592 2741 1690 2786 ligu-

150 2805 228 2838 lata
253 2802 503 2847 comparavit;
530 2814 643 2847 quum
670 2815 775 2837 soros
802 2804 840 2837 in
867 2802 912 2836 Η.
940 2801 1128 2835 latissima
1152 2800 1249 2833 tales
1277 2799 1495 2833 observavit
1513 2798 1690 2841 Grunow,

150 2862 280 2906 quales
307 2860 574 2904 Rhodoglosso
600 2860 932 2896 charaeteristicos
954 2858 1141 2903 judicavi:
1169 2859 1207 2890 et
1224 2857 1439 2901 fragmenta
1458 2856 1598 2901 speciei
1615 2867 1692 2891 om-
