1757 3114
114 146 406 201 Gallophyllz'S.
749 145 1032 187 GIGARTINEAE.
1569 145 1650 185 235

226 259 518 312 acutiusculis,
550 259 830 315 cystocarpiis
862 259 1121 301 subemersis
1152 259 1266 301 infra
1287 259 1431 312 apices
1453 272 1649 313 segmen-

227 335 372 372 torum
402 329 583 384 singulis
615 333 691 372 aut
736 329 896 383 paucis,
941 328 1142 369 laciniam
1188 327 1377 370 fertilem
1420 327 1651 370 latitudine

229 398 544 453 superantibus.

380 466 491 509 Hab.
522 466 578 508 ad
611 480 709 509 oras
740 465 1007 508 Kaliforniae.

204 535 406 571 Nonnullae
432 534 563 570 formae
590 535 800 570 Euthoram
826 534 1023 569 cristatam
1048 533 1230 579 majorem
1257 534 1352 569 mire
1371 534 1562 576 referunt3
1583 534 1650 568 sed

115 595 308 627 structura
332 595 371 626 et
396 592 542 626 fructus
570 595 659 627 sunt
685 592 989 638 Callophyllidis.

112 651 176 691 14.
208 648 252 691 C.
284 664 412 691 EROSA
443 650 598 701 (Hook.
629 653 667 692 et
705 650 844 693 Harv.
892 649 963 692 Fz.
1012 650 1118 692 Nov.
1164 651 1251 693 Zel.
1274 666 1320 705 p.
1352 652 1455 708 250)
1499 650 1652 693 fronde

223 718 409 771 ancipite
439 717 571 771 plana
602 719 851 772 angustiore
882 717 1140 770 dichotoma,
1187 719 1330 761 rarius
1375 719 1509 760 ramis
1556 719 1652 773 plu-

223 787 344 829 ribus
375 786 688 840 adproximatis
719 786 1032 841 polychotoma,
1058 788 1375 842 segmentisque
1398 801 1646 830 excrescen-

223 856 340 897 tibus
372 855 689 910 marginalibus
720 856 1017 910 subpinnatim
1048 856 1341 910 decomposita
1362 856 1652 911 dentibusque

224 924 497 966 brevioribus
543 938 664 966 secus
711 925 951 977 marginem
997 938 1147 978 sparse
1193 924 1386 976 dentata,
1420 927 1651 979 segmentis

222 992 524 1034 terminalibus
555 992 929 1035 subconformibus
971 993 1295 1047 angustioribus
1335 996 1412 1034 aut
1452 994 1520 1035 vix
1551 1008 1653 1035 con-

224 1061 369 1114 spicue
391 1060 597 1112 dilatatis,
622 1061 795 1103 demum
817 1061 963 1104 divisis
985 1062 1118 1104 ramis
1146 1062 1434 1116 subutrinque
1457 1061 1653 1115 duplica-

223 1129 493 1178 to-dentatis,
526 1131 807 1184 cystocarpiis
837 1131 881 1172 in
912 1132 1145 1185 segmentis
1178 1131 1472 1184 superioribus
1502 1145 1653 1173 nume-

224 1200 333 1241 rosis
355 1213 381 1240 a
401 1200 598 1252 margine
621 1201 953 1254 emergentibus,
972 1200 1173 1254 globosis.
1193 1192 1331 1242 Hdrv.
1355 1200 1380 1242 l.
1402 1214 1434 1242 c.
1457 1200 1540 1243 tab.
1560 1202 1653 1243 118.

372 1267 484 1309 Hab.
516 1267 573 1308 ad
602 1267 767 1310 Novam
798 1268 1063 1311 Zelandiam.

197 1336 289 1370 Haec
314 1335 460 1381 species
497 1336 590 1370 mihi
626 1348 701 1372 non
739 1337 814 1372 nisi
839 1337 947 1372 icone
985 1337 1075 1372 data
1107 1337 1273 1383 cognita.
1324 1337 1399 1373 Cfr.
1426 1349 1510 1382 quae
1538 1338 1584 1373 de
1612 1338 1651 1373 C.

109 1394 394 1430 Hombroniana
420 1394 512 1429 dixi.

109 1453 173 1494 15.
205 1452 250 1493 C.
282 1466 442 1494 TENERA
474 1452 537 1505 (J.
570 1453 650 1507 Ay.
683 1456 761 1495 act.
794 1453 937 1495 Helm.
972 1453 1079 1495 1849
1102 1469 1151 1507 p.
1183 1454 1258 1509 87)
1288 1453 1442 1496 fronde
1464 1453 1652 1507 compla-

223 1523 326 1561 nata
357 1520 727 1576 di-polychotoma
765 1522 1084 1576 segmentisque
1116 1523 1463 1564 excrescentibus
1494 1517 1652 1576 margi-

225 1589 398 1632 nalibus
421 1591 718 1644 subpinnatim
740 1591 1045 1645 decomposita,
1068 1591 1359 1646 dentibusque
1382 1593 1652 1635 brevioribus

225 1671 346 1699 secus
378 1659 619 1713 marginem
651 1673 799 1713 sparse
832 1660 1022 1709 dentata,
1054 1661 1289 1714 segmentis
1321 1661 1559 1715 majoribus
1588 1662 1653 1702 in-

222 1726 342 1767 ferne
373 1727 720 1780 simplicioribus,
753 1742 937 1782 superne
969 1727 1307 1771 subfiabellatim
1329 1730 1542 1783 expansis,
1565 1734 1652 1771 ter-

223 1794 456 1837 minalibus
490 1796 685 1838 dilatatis
717 1800 841 1838 extra
871 1797 1037 1838 discum
1066 1797 1268 1839 latiorem
1297 1797 1525 1850 laciniatis,
1548 1798 1651 1840 laci-

225 1864 306 1905 niis
337 1864 644 1907 obtusiusculis
666 1867 866 1916 crenatis,
890 1867 1169 1921 cystocarpiis
1200 1881 1277 1921 per
1298 1867 1464 1909 discum
1488 1869 1652 1922 sparsis

226 1932 270 1973 in
300 1933 480 1986 pinnula
511 1934 722 1988 pluribus.
755 1935 799 1977 J.
832 1934 913 1989 Ay.
948 1935 1019 1988 Sp.
1041 1951 1088 1989 p.
1120 1936 1214 1978 302.

375 2001 486 2044 Hab.
518 2003 573 2044 ad
606 2003 904 2045 Shetlandiam
936 2005 1186 2073 australem.

198 2069 242 2103 In
269 2069 360 2105 Tab.
387 2070 503 2114 Phyc.
530 2071 638 2107 Kiitz.
665 2071 748 2106 Vol.
774 2071 879 2106 XVII
906 2073 982 2107 tab.
1009 2073 1053 2106 90
1079 2072 1117 2107 C.
1138 2075 1272 2107 tenera
1289 2073 1463 2117 quaedam
1483 2074 1649 2119 depicta,

108 2138 191 2170 quae
218 2131 388 2162 nostram
414 2128 479 2162 VlX
504 2128 631 2163 l'efel't.

110 2198 173 2238 16.
207 2195 252 2237 C.
284 2210 516 2238 VARIEGATA
547 2198 692 2252 (Borqs
725 2196 850 2252 Coqu.
863 2214 910 2253 1).
935 2201 1036 2255 179)
1081 2199 1233 2241 fronde
1278 2200 1554 2253 complanata
1585 2201 1650 2242 di-

222 2264 524 2319 polychotoma
568 2268 888 2322 segmentisque
933 2269 1282 2310 excrescentibus
1334 2270 1651 2322 marginalibus

225 2334 521 2387 subpinnatim
552 2335 858 2390 decomposita,
896 2337 1186 2391 dentibusque
1222 2338 1492 2380 brevioribus
1530 2352 1650 2381 secus

221 2402 463 2456 marginem
509 2417 658 2457 sparse
703 2405 893 2457 dentata,
941 2407 1172 2460 segmentis
1216 2407 1452 2461 majoribus
1483 2407 1650 2448 inferne

224 2471 560 2524 simplicioribus
592 2487 776 2526 superne
809 2473 1147 2516 subflabellatim
1178 2475 1389 2528 expansis.
1412 2476 1649 2517 terminali-

223 2539 305 2581 bus
336 2539 529 2580 dilatatis
562 2544 685 2582 extra
715 2541 882 2582 discum
913 2543 1113 2584 latiorem
1134 2543 1362 2592 laciniatis,
1386 2544 1550 2584 laciniis
1574 2545 1649 2585 ob-

222 2606 473 2648 tusiusculis
504 2609 703 2661 crenatis,
742 2611 1022 2664 cystocarpiis
1063 2625 1184 2652 secus
1222 2613 1438 2665 margines
1474 2613 1517 2652 in
1554 2613 1649 2665 pin-

220 2675 326 2716 nula
370 2678 624 2728 numerosis,
669 2678 830 2719 lacinia
874 2679 1008 2720 fertili
1053 2680 1187 2721 multo
1219 2680 1556 2733 angustioribus.
1602 2681 1647 2723 J.

224 2743 306 2798 Ay.
341 2743 412 2797 Sp.
434 2759 480 2798 1).
514 2745 607 2786 302.
643 2747 774 2788 Krete.
806 2748 888 2789 fab.
925 2748 1055 2801 Phyc.
1095 2747 1180 2789 Vol.
1216 2746 1367 2790 XVII
1393 2749 1474 2789 tab.
1506 2750 1570 2789 86.

222 2812 333 2854 Hab.
365 2812 420 2853 ad
450 2812 613 2854 insulas
646 2814 807 2861 Oceani
844 2815 1072 2857 antarctici
1103 2818 1145 2857 et
1176 2829 1296 2857 secus
1332 2815 1482 2858 littora
1520 2817 1649 2859 Ame-

373 2880 472 2922 ricae
503 2881 722 2925 inferiora.
1235 2893 1239 2897 '
