1757 3114
109 148 424 191 Coeloelomum.
738 148 1005 192 CHONDRIEAE.
1558 149 1637 191 639

220 262 375 304 diisera
404 263 583 305 invicem
614 263 764 314 libera,
798 277 823 304 a
853 263 1053 317 placenta
1084 263 1234 314 basali,
1281 263 1429 316 paucis
1474 261 1640 303 cellulis

220 332 466 381 constituta,
514 333 781 386 superficiem
828 346 975 373 versus
1018 332 1245 383 radiantia,
1284 330 1642 372 clavato-monili-

219 398 385 450 formia,
419 401 461 441 in
495 401 690 442 articulis
721 400 1022 442 terminalibus
1053 400 1285 453 gemmidia
1324 399 1642 452 obovato-pyri-

218 467 384 519 foi-mia,
433 469 603 522 singula
646 469 844 510 foventia.
909 469 1223 522 Sphcerosporae
1267 482 1343 523 per
1375 467 1641 521 superficiem

219 550 394 590 sparsae,
428 539 684 583 rotundatae,
718 537 934 591 triangule
965 537 1122 578 divisae.

218 649 363 691 Genus
394 651 498 692 mihi
530 653 697 694 videtur
729 654 793 694 sui
819 654 942 707 juris,
966 658 1083 695 certo
1105 658 1304 707 respectu
1326 654 1473 695 forsan
1495 653 1641 694 Rhab-

91 702 242 759 'doniae
275 720 578 773 propinquum,
603 726 648 762 at
670 726 889 763 structura
908 722 1073 763 frondis
1105 724 1269 776 pariter
1300 737 1349 763 ac
1371 723 1520 763 nucleo
1542 723 1641 763 sim-

107 785 207 837 plici
238 786 409 828 abunde
440 788 668 830 diversum.
710 791 746 830 A
778 790 1044 832 Gloiosaccio
1077 795 1119 832 et
1149 791 1393 841 Dumontia,
1426 795 1645 832 structura

104 856 472 908 cystocarpiorum
503 857 619 898 haud
652 859 791 900 minus
823 859 1004 900 abludit.
1054 860 1089 899 A
1121 859 1408 906 Lomentaria,
1441 860 1509 900 cui
1540 859 1639 900 olim

105 922 318 975 subjunxi,
351 937 501 965 revera
548 925 672 977 longe
720 941 889 980 quoque
935 927 1110 968 recedit.
1173 928 1330 968 Forsan
1375 928 1642 981 potissimum

104 991 364 1032 conveniunt
395 990 615 1034 Chondria
636 995 873 1036 umbellata
894 1000 936 1036 et
958 995 1115 1045 aflines,
1139 1009 1234 1049 quae
1257 996 1478 1050 hucusque
1501 995 1642 1037 Chon-

104 1058 210 1099 driae
244 1059 466 1111 speciebus
499 1061 793 1104 adnumeratae
824 1063 1010 1105 fuerunt.
1072 1064 1172 1104 Haec
1220 1078 1317 1105 vere
1364 1065 1643 1119 cystocarpiis

105 1126 293 1167 externis
336 1131 378 1168 et
425 1131 645 1169 structura
689 1144 860 1184 quoque
904 1130 1122 1172 differunt.
1183 1131 1359 1183 Nomen,
1392 1147 1417 1174 a
1448 1147 1514 1174 me
1545 1132 1643 1174 olim

104 1195 333 1248 subgeneri
380 1197 606 1249 tributum,
655 1199 900 1240 evitandum
943 1201 1101 1253 putavi,
1135 1214 1267 1254 quum
1293 1202 1382 1255 jam
1414 1206 1542 1243 antea
1572 1216 1644 1243 ex-

104 1266 192 1304 stat
238 1262 569 1317 Saccophorum,
617 1267 730 1320 quod
778 1268 956 1309 nimium
1001 1270 1231 1310 consonum
1271 1274 1495 1313 censeatur
1527 1271 1559 1311 si
1593 1271 1644 1311 de

105 1330 271 1373 Genere
301 1333 477 1386 proprio
509 1335 664 1388 agitur.

109 1447 143 1487 1.
175 1445 222 1488 Ε.
242 1446 468 1489 Gnnvinrffl
487 1449 555 1503 (J.
581 1449 661 1503 Ay,
685 1453 830 1506 mser.)
853 1452 973 1493 caule
996 1453 1130 1495 solido
1153 1454 1403 1496 abbreviato
1426 1455 1554 1497 dense
1576 1470 1644 1497 ra-

219 1529 337 1556 moso
384 1517 574 1559 ramulos
620 1518 958 1572 simplicissimos
1004 1521 1314 1563 vesicaeformes
1361 1523 1565 1565 obovatos
1602 1525 1645 1565 in

220 1584 425 1637 petiolum
457 1587 757 1628 tenuissimum
790 1592 1035 1631 attenuatos
1058 1591 1304 1643 sustinente,
1337 1592 1645 1645 sphaerosporis

219 1666 297 1706 per
328 1654 518 1695 ramulos
551 1656 725 1709 sparsis,
759 1656 1007 1698 keramidiis
1039 1659 1107 1700 vix
1139 1659 1462 1714 hemisphaericc
1486 1661 1645 1703 inflatis

211 1717 530 1775 'subimmersia
555 1723 751 1777 plurimis
774 1725 1096 1779 adproximatis.
1132 1728 1441 1772 Lomentaria?
1473 1733 1646 1772 saccata

220 1790 266 1833 J.
300 1792 381 1845 Ay.
417 1793 488 1846 Sp.
512 1808 558 1846 p.
593 1795 685 1836 738.

372 1861 439 1902 Ad
471 1861 763 1906 Californiam.

107 2061 241 2112 (¹11Xl.
279 2064 673 2112 COELOCLONIUM
711 2065 756 2108 J.
791 2067 873 2121 Ay.
905 2082 1027 2112 mser.
1061 2070 1284 2114 Chondrioe
1314 2087 1376 2126 sp.
1411 2073 1547 2116 Harv.

111 2190 248 2231 Frons
279 2191 493 2241 tubulosa,
527 2207 637 2248 saepe
672 2196 1016 2240 moniliformiter
1047 2201 1292 2251 constricta,
1324 2202 1646 2255 prolificationi-

221 2258 301 2300 bus
332 2259 585 2313 increscens,
618 2277 730 2304 nunc
761 2263 961 2306 deorsum
993 2267 1238 2310 caulescens
1261 2273 1302 2311 et
1324 2271 1554 2322 subsolida,
1576 2286 1645 2313 ra-

222 2327 302 2367 mis
334 2327 564 2370 ramulisve
594 2331 819 2383 tubulosis,
852 2335 956 2376 tubo
988 2334 1084 2377 laxe
1114 2351 1317 2390 percurso
1363 2339 1445 2380 filis
1483 2341 1643 2382 articu-

222 2395 323 2437 latis
364 2396 570 2438 stellatim
616 2403 1050 2455 anastomosantibus,
1083 2405 1138 2447 ab
1170 2406 1272 2447 axili
1301 2408 1405 2450 tubo
1436 2410 1646 2451 crassiore

221 2465 563 2512 excurrentibus,
610 2468 665 2509 ad
711 2472 896 2511 stratum
941 2472 1153 2524 corticale,
1201 2473 1365 2516 cellulis
1404 2477 1646 2519 subcubicis

223 2530 393 2585 singula
424 2533 533 2574 serie
565 2533 782 2588 dispositis
813 2542 1073 2588 contextum,
1114 2540 1230 2582 intus
1277 2543 1433 2584 sensim
1479 2543 1645 2585 cellulis

223 2598 359 2652 inagis
391 2599 703 2654 irregularibus
734 2606 959 2647 munitum.
1023 2607 1283 2652 Keramz‘dm
1313 2610 1429 2652 intra
1456 2611 1645 2664 pericar-

224 2667 341 2720 pium
387 2669 623 2722 proprium,
670 2674 955 2726 carpostomio
987 2676 1213 2727 munitum,
1259 2676 1510 2720 fasciculum
1551 2679 1645 2721 filo-

224 2749 320 2775 rum
368 2738 696 2790 praegnantium,
743 2740 830 2783 tela
875 2742 1163 2785 arachnoidea
1202 2744 1437 2798 suffultum,
1482 2760 1509 2788 a
1553 2748 1644 2802 pla-

225 2808 351 2845 centa
396 2804 532 2846 basali
577 2808 835 2860 emittentia3
889 2810 962 2851 fila
1005 2812 1320 2864 gemmidiifera
1372 2814 1550 2856 invicem
1595 2815 1644 2857 li-

224 2872 330 2913 bera
359 2872 865 2930 clavato-moniliformia,
898 2879 941 2920 in
973 2880 1166 2923 articulis
1197 2882 1497 2925 terminalibus
1529 2898 1645 2938 gem-
