1757 3114
1598 85 1679 126 679

142 195 184 235 in
206 195 374 235 areolas
401 194 582 236 seriatas
605 194 823 236 subdivisa
843 193 1074 247 adpareat,
1098 195 1249 249 majori
1270 199 1501 249 augmento
1524 198 1679 240 areolae

141 262 307 304 cellulis
339 263 404 305 bis
436 263 617 317 geminis
648 262 958 316 adproximatis
1004 266 1109 304 ortae
1146 263 1358 305 videntur.
1418 263 1679 308 Transverse

141 335 259 373 secta
303 334 517 373 monstrat
561 335 747 373 stratum
792 331 975 372 interius
1011 329 1096 371 filis
1127 333 1548 375 anastomosantibus
1579 349 1679 376 con-

140 402 320 451 textum,
355 403 400 440 at
430 403 522 441 rete
553 400 834 449 laxissimum,
872 399 934 440 ita
964 402 1012 440 ut
1041 399 1238 441 frondem
1277 401 1451 454 planam
1488 403 1532 443 in
1568 403 1678 444 inte-

140 469 254 510 riore
286 469 516 511 subcavam
556 468 701 509 dicere
738 468 878 509 liceat.
940 465 1033 508 Fila
1063 470 1433 511 anastomosantia
1463 470 1678 525 elongata,

139 538 373 580 articulata
402 539 520 579 intra
549 538 700 579 tubum
742 536 976 591 hyalinum,
1020 536 1209 589 plurima
1239 538 1475 580 directione
1506 540 1561 582 ab
1593 554 1680 582 una

139 606 195 647 ad
238 606 422 648 alteram
455 606 658 660 paginam
703 607 916 659 porrecta,
950 606 996 644 at
1026 603 1116 645 haec
1148 605 1381 647 admodum
1412 606 1530 658 laxa3
1562 608 1678 650 infra

140 678 369 729 utramque
400 675 603 728 paginam
636 688 757 716 secus
788 674 899 715 hanc
931 674 1216 725 excurrentia,
1249 675 1383 717 multo
1414 675 1614 718 densiora
1636 682 1679 719 et

139 743 379 785 evidentius
412 744 794 793 anastomosantia,
827 742 948 784 nodis
971 742 1234 793 incrassatis,
1256 744 1484 787 fasciculos
1505 745 1677 787 filorum

138 811 407 852 verticalium
439 811 664 853 sustinent.
729 810 823 852 Fila
854 810 1075 851 verticalia
1106 811 1231 852 strati
1263 812 1479 854 corticalis
1512 817 1612 854 sunt
1632 814 1678 855 in

136 880 341 921 interiore
372 893 450 921 sua
481 868 604 933 parte
636 879 873 920 evidentius
911 878 1229 928 moniliformia,
1262 880 1457 922 articulis
1489 881 1677 935 ellipsoi-

137 948 240 1000 (leis,
273 952 516 990 extrorsum
555 947 756 989 tenuiora
786 952 828 988 et
858 947 1130 1001 cylindracea
1175 948 1371 990 articulis
1416 949 1679 1003 adparenter

136 1016 422 1070 longioribus3
462 1015 546 1057 filis
580 1016 646 1057 his
685 1016 864 1069 geminis
896 1015 1064 1070 (forsan
1096 1016 1372 1072 quaternis?)
1412 1031 1464 1059 ex
1494 1018 1678 1060 articulo

135 1084 341 1126 inferiore
372 1084 736 1138 provenientibus,
769 1083 924 1125 areolae
965 1083 1206 1137 superficiei
1245 1084 1421 1126 binatim
1464 1090 1540 1127 aut
1571 1101 1678 1140 qua-

135 1153 340 1194 ternatim
370 1153 683 1207 adproximatae
714 1153 929 1194 videntur.
971 1151 1251 1206 Cystocarpia
1281 1167 1359 1206 per
1389 1153 1555 1196 frondis
1577 1170 1677 1209 par-

134 1226 198 1263 tes
230 1221 463 1263 exteriores
493 1246 549 1252 —
579 1235 682 1262 area
719 1220 857 1262 fulcro
894 1220 1033 1262 vicina
1072 1221 1211 1262 sterili
1243 1246 1294 1251 —
1326 1223 1679 1265 numerosissima

135 1290 306 1330 demum
336 1289 605 1342 proveniunt,
638 1289 682 1330 in
714 1303 833 1331 soros
865 1289 1053 1331 minutos
1085 1289 1319 1342 saepissime
1351 1290 1542 1342 collecta,
1565 1305 1678 1333 nunc

134 1358 284 1412 spatiis
302 1357 391 1399 fere
410 1357 538 1399 nullis
556 1357 776 1400 sterilibus
792 1357 1158 1399 intercedentibus
1177 1358 1320 1399 omnia
1337 1372 1459 1413 aeque
1476 1358 1678 1413 adproxi-

133 1430 264 1468 mata.
327 1425 478 1468 Nuclei
503 1426 712 1481 juveniles
744 1425 966 1468 rotundati
998 1426 1163 1477 minuti,
1195 1426 1312 1467 intra
1342 1429 1575 1480 utramque
1607 1442 1678 1469 su-

133 1495 350 1550 perficiem
381 1495 694 1549 provenientes,
726 1494 809 1536 filis
839 1494 1123 1549 cylindraceis
1147 1498 1189 1536 et
1210 1494 1390 1536 ramulis
1411 1495 1678 1538 brevioribus

132 1565 395 1607 intermixtis
427 1564 671 1614 constituti3
704 1564 941 1606 adultiores
973 1563 1136 1617 pluries
1168 1564 1367 1618 maJ'ores,
1390 1564 1433 1604 in
1456 1568 1592 1606 strato
1614 1565 1678 1606 in-

133 1634 292 1676 teriore
323 1632 583 1687 profundius
615 1633 841 1683 immersae,
875 1646 986 1673 nunc
1018 1631 1108 1674 fere
1139 1632 1183 1673 in
1214 1632 1357 1673 media
1377 1632 1531 1673 fronde
1552 1633 1678 1674 nidu-

132 1702 285 1754 lantes,
319 1705 458 1743 strato
490 1701 846 1742 circumnucleari
868 1701 1185 1742 evidentissimo
1208 1705 1251 1742 et
1271 1701 1365 1754 ipso
1387 1700 1538 1742 nucleo
1561 1715 1678 1756 gem-

133 1772 363 1814 midiorum
396 1770 531 1812 multo
571 1771 726 1812 minori
771 1770 1007 1812 constituti.
1069 1770 1265 1811 Stratum
1309 1770 1678 1812 circumnucleare

133 1840 411 1883 constituitur
443 1838 527 1881 filis
559 1840 686 1880 strati
717 1839 938 1881 interioris
969 1838 1170 1893 plurimis
1203 1842 1245 1880 et
1267 1838 1521 1881 densissime
1544 1839 1678 1881 inter-

132 1909 273 1958 textis,
306 1907 511 1950 immixtis
542 1911 591 1948 ut
621 1907 790 1949 videtur
811 1906 992 1948 ramulis
1015 1906 1185 1948 filorum
1209 1906 1421 1958 obovatis3
1456 1908 1678 1949 exteriori-

132 1979 212 2020 bus
242 1977 326 2019 filis
358 1975 556 2017 nucleum
587 1976 630 2017 in
661 1975 813 2017 fronde
845 1975 1177 2026 sustinentibus;
1210 1975 1489 2017 interioribus
1521 1976 1678 2017 sensim

133 2046 306 2100 plexum
337 2045 478 2087 fertile
509 2044 811 2086 formantibus.
874 2044 969 2097 Ipse
1001 2043 1193 2094 nucleus,
1225 2044 1343 2085 intra
1375 2047 1563 2086 stratum
1595 2045 1678 2086 cir-

133 2114 433 2156 cumnucleare
464 2113 553 2155 fere
584 2114 628 2154 in
659 2113 800 2154 medio
833 2126 1077 2166 suspensus,
1112 2112 1195 2153 filis
1223 2125 1248 2153 a
1268 2112 1405 2154 latere
1438 2112 1678 2166 superficiei

133 2184 329 2238 opposito
360 2183 653 2237 provientibus
684 2182 909 2233 formatus,
941 2181 1141 2235 pluribus
1173 2180 1392 2232 nucleolis,
1426 2182 1678 2223 maturitate

132 2252 325 2302 diversis,
358 2250 670 2293 confluentibus
702 2251 980 2301 constitutus3
1023 2249 1254 2304 gemmidia
1285 2250 1329 2290 in
1360 2249 1556 2291 nucleolo
1587 2264 1678 2292 ma-

132 2325 231 2363 turo
263 2320 388 2374 quasi
419 2334 445 2361 a
474 2324 633 2373 puncto
666 2319 847 2361 centrali
879 2318 1068 2373 quodam
1099 2317 1329 2368 radiantia,
1364 2319 1406 2357 et
1436 2317 1480 2357 in
1508 2316 1677 2360 lobulos

133 2391 319 2432 minores
352 2389 592 2444 conjuncta,
626 2389 817 2443 gelatina
847 2402 1002 2442 parum
1048 2388 1278 2440 conspicua
1324 2385 1526 2437 cohibita,
1568 2387 1677 2429 inte-

132 2461 251 2502 riora
282 2474 394 2501 nunc
426 2459 555 2512 paulo
587 2459 784 2513 longiora
814 2458 918 2513 (filis
950 2459 1090 2499 minus
1121 2457 1333 2511 mutatis),
1366 2457 1581 2498 exteriora
1602 2458 1677 2499 ob-

134 2528 522 2571 ovato—rotundata
560 2529 727 2570 minuta
767 2532 809 2569 et
839 2527 1040 2581 plurima.
1100 2526 1301 2579 Ruptura
1340 2527 1678 2579 carpostomium

135 2597 307 2639 demum
339 2597 444 2638 oriri
474 2596 664 2648 videtur3
697 2597 869 2638 nucleos
892 2596 1006 2637 enim
1028 2595 1096 2636 hic
1127 2594 1216 2635 illic
1246 2593 1333 2635 vidi
1364 2593 1594 2648 (apertura
1614 2595 1677 2636 la-

134 2666 243 2707 tiore
274 2665 330 2706 ad
362 2663 631 2718 superficiem
662 2665 894 2719 producta)
933 2668 1106 2718 cryptas
1139 2665 1366 2705 excavatas
1412 2662 1676 2705 aemulantia.

135 2734 456 2789 Sphaerosporae
487 2734 531 2774 in
560 2732 787 2776 frondibus
819 2732 950 2786 paulo
981 2730 1282 2782 crassioribus,
1315 2733 1452 2771 strato
1483 2731 1677 2773 corticali
