1762 3036
94 89 123 116 11

95 187 366 229 considerare
413 182 544 231 decet,
591 178 709 232 cujus
756 178 977 217 structura
1021 172 1192 212 interna
1223 173 1265 211 et
1300 168 1467 211 fructus
1505 167 1630 210 nobis

96 271 179 298 non
212 256 298 296 sint
339 251 534 294 omnibus
578 245 768 288 numeris
815 241 992 296 cogniti3
1040 252 1177 293 neque
1217 242 1382 280 certum
1421 236 1632 292 judicium

96 323 210 365 ferre
240 322 369 363 licere
401 319 451 360 de
483 318 535 358 iis
574 313 797 369 speciebus
843 314 1080 360 auctorum,
1128 320 1223 361 quae
1254 310 1330 348 aut
1361 305 1528 347 steriles
1559 304 1632 344 de-

96 392 266 445 scripta)
300 388 364 431 vel
396 386 633 435 delineatze,
673 385 748 423 aut
786 378 1036 433 analysibus
1074 375 1293 417 fructuum
1331 378 1374 416 et
1404 376 1633 415 structurae

97 459 288 502 erroneis
320 460 394 498 aut
425 451 720 496 deficientibus
758 451 928 490 tantum
967 446 1148 498 cognitae
1188 443 1284 485 sint.
1344 441 1634 494 Quamobrem

97 530 140 570 in
172 529 251 570 hoc
283 525 507 575 volumine,
539 521 657 564 velut
686 520 730 560 in
762 516 1129 566 antecedentibus,
1174 513 1337 555 nullam
1376 513 1561 567 speciem
1592 510 1636 551 in

99 601 221 640 textu
252 594 424 645 adscivi,
472 604 601 646 quam
648 602 732 629 non
778 587 869 640 ipse
900 583 1159 635 examinavi3
1206 582 1368 636 species
1398 594 1424 622 a
1454 593 1521 622 me
1552 593 1637 620 non

101 666 214 708 visas
245 668 321 705 aut
351 664 394 704 111
426 661 549 707 notis,
583 661 659 699 aut
690 657 802 697 inter
841 655 1004 708 species
1049 651 1331 706 inquirendas
1376 647 1638 691 enumeravi.

98 730 397 783 Paucissim'as,
431 728 599 770 facilius
632 725 869 775 distinctas,
903 723 1013 765 iconi
1046 725 1213 762 tantum
1244 719 1393 771 fidens,
1425 718 1506 760 hac
1538 730 1638 758 auc-

99 804 273 844 toritate
304 797 516 853 adoptavi.

216 870 289 911 Sin
320 868 434 909 facto
465 864 597 906 allato
629 862 875 903 insistentes
906 859 1025 900 ultra
1054 856 1325 912 procedimus
1357 854 1641 896 conclusioni-

101 938 194 989 bus,
241 949 380 978 nonne
426 935 556 987 patet,
603 929 800 972 omnibus
846 928 909 980 iis,
956 938 1052 980 quae
1090 925 1142 966 de
1178 927 1389 979 proventu
1435 921 1641 976 Algarum

100 1005 359 1047 nostratium
391 1003 434 1043 111
465 1000 686 1042 littoribus
718 996 965 1051 longinquis
998 994 1252 1045 attulerunt,
1285 992 1450 1034 nullam
1473 991 1643 1033 omnino

102 1074 231 1115 fidem
260 1085 352 1114 esse
384 1068 640 1117 habendam,
673 1067 755 1108 nisi
793 1066 1062 1107 diversorum
1101 1062 1295 1104 locorum
1326 1060 1487 1115 species
1519 1072 1644 1100 accu-

103 1142 255 1184 ratiori
301 1139 494 1182 examine
541 1136 744 1190 subjeetae
789 1134 963 1183 fuerint,
1010 1131 1125 1186 quod
1170 1144 1271 1172 vero
1310 1129 1413 1171 dum
1457 1129 1646 1169 viventes

104 1211 224 1265 Algae
255 1222 399 1251 Coram
438 1206 615 1248 fuerunt
658 1202 864 1258 perficere
911 1200 1145 1255 saepissime
1189 1198 1485 1253 neglexerunt.
1545 1195 1647 1236 Per-

104 1279 267 1320 inultas
300 1276 557 1319 assertiones
589 1273 719 1327 hujus
751 1271 933 1326 generis,
957 1273 1006 1311 ut
1037 1268 1271 1322 specimina
1292 1281 1314 1308 e
1335 1266 1516 1308 diversis
1547 1264 1651 1306 locis

107 1345 354 1388 accuratius
386 1355 637 1397 comparare
669 1340 911 1393 contigerit,
935 1337 1068 1379 salsas
1090 1349 1194 1387 esse,
1218 1335 1517 1377 demonstrare
1538 1332 1649 1374 licet.

107 1414 324 1469 Algologis
369 1412 485 1454 velut
529 1410 680 1464 primis
712 1406 1123 1462 peregrinatoribus,
1165 1404 1241 1458 qui
1270 1403 1323 1444 de
1354 1401 1648 1457 superioribus

107 1483 265 1538 plantis
297 1480 453 1523 similia
483 1480 779 1528 autumarunt,
812 1477 963 1518 vitium
984 1474 1067 1516 fuit
1097 1477 1146 1515 ut
1175 1476 1378 1514 naturam
1409 1485 1496 1513 non
1522 1469 1649 1511 modo

107 1566 192 1594 non
222 1551 436 1604 copiosam
469 1552 598 1601 atque
631 1544 940 1596 abundantem,
972 1542 1047 1585 sed
1068 1554 1307 1596 pauperam
1328 1543 1458 1594 atque
1479 1539 1650 1592 inopem

107 1619 380 1661 crediderint.

223 1690 266 1733 Si
296 1702 426 1743 porro
457 1688 501 1729 in
532 1686 742 1728 Florideis
774 1684 981 1735 obtineat,
1011 1686 1058 1724 ut
1079 1681 1241 1735 species
1263 1694 1348 1722 non
1369 1679 1450 1721 nisi
1471 1674 1651 1732 cognitis

110 1758 276 1801 frondis
308 1762 350 1799 et
380 1757 600 1798 fructuum
632 1753 834 1808 penitiori
864 1755 1087 1794 structura
1116 1753 1259 1803 atquae
1289 1749 1387 1789 vitae
1409 1746 1652 1788 rationibus

111 1828 207 1882 (cfr.
243 1841 293 1868 ex
325 1840 386 1880 gr.
412 1838 506 1879 quae
530 1824 581 1865 de
604 1822 850 1865 differentia
869 1821 982 1862 inter
1016 1819 1306 1862 Laureowiam
1336 1817 1493 1859 elatam
1524 1817 1653 1868 atque

115 1896 166 1938 L.
197 1895 486 1937 luxuriantem
517 1891 627 1947 dixi)
657 1891 740 1932 rite
777 1889 1017 1931 limitentur
1055 1890 1096 1929 et
1134 1885 1408 1936 definiantur,
1447 1883 1653 1938 quidnam

115 1964 371 2006 concludere
402 1964 631 2015 opporteat
652 1960 704 2001 de
727 1958 949 2013 speciebus
970 1956 1220 2011 plantarum
1243 1954 1525 2008 superiorum,
1548 1964 1654 2006 qua-

114 2047 211 2074 rum
240 2032 310 2074 vix
340 2031 436 2073 duae
468 2033 640 2072 exstant
670 2028 833 2082 species
874 2027 1036 2077 vicinae,
1070 2025 1122 2067 de
1154 2024 1311 2079 quibus
1342 2023 1560 2077 cognitum
1592 2023 1657 2062 est

116 2101 288 2143 easdem
318 2099 449 2141 fuisse
481 2098 625 2152 quoad
656 2099 921 2139 structuram
951 2095 1166 2136 internam
1208 2091 1453 2134 accuratius
1484 2102 1656 2143 compa-

116 2169 265 2212 ratas?
326 2169 382 2210 Et
411 2171 556 2210 tamen
601 2168 645 2208 111
682 2167 762 2209 1100
801 2169 948 2208 nostro
993 2178 1082 2206 aevo
1113 2161 1438 2205 conclamarunt
1481 2157 1657 2212 plurimi

118 2239 261 2281 nullas
292 2251 383 2280 esse
415 2237 656 2290 specierum
686 2235 858 2287 limites,
883 2233 1152 2277 diversitates
1175 2245 1266 2273 esse
1287 2230 1424 2284 magis
1453 2228 1657 2270 fortuitas

119 2310 195 2350 aut
238 2305 442 2360 temporis
482 2308 559 2346 aut
596 2303 801 2355 locorum,
833 2316 886 2345 ne
918 2302 1058 2344 dicam
1102 2300 1295 2354 ipsorum
1339 2297 1658 2340 individuorum

120 2376 278 2417 virtute
309 2373 495 2427 plastica
517 2397 569 2402 -—-
590 2375 639 2414 ut
659 2371 839 2427 injurias
862 2374 1062 2413 externas
1082 2369 1302 2410 vincerent
1322 2392 1376 2398 ——
1397 2368 1658 2408 consecutas.

233 2442 328 2485 Non
358 2442 393 2484 is
425 2455 518 2483 sum
550 2442 623 2496 qui
653 2454 808 2495 negam
839 2453 932 2482 esse
962 2438 1007 2480 in
1036 2436 1263 2487 Florideis,
1284 2439 1333 2477 ut
1353 2435 1397 2477 in
1417 2433 1515 2477 aliis
1535 2433 1658 2488 plan-

124 2511 190 2562 tis,
235 2511 404 2553 Genera
448 2522 631 2563 quorum
677 2509 839 2563 species
891 2508 961 2551 vix
1005 2506 1133 2549 certis
1178 2504 1389 2546 limitibus
1434 2503 1660 2546 distinctas

126 2578 250 2620 hodie
286 2576 559 2620 considerare
596 2576 729 2618 decet.
790 2574 1040 2617 Cavendum
1078 2587 1177 2616 vero
1215 2571 1396 2622 videtur,
1428 2584 1482 2612 ne
1512 2583 1564 2613 ex
1594 2569 1660 2611 his

126 2646 253 2698 plura
282 2649 357 2687 aut
386 2645 552 2700 majora
588 2645 863 2696 deducamus,
895 2658 1027 2699 quam
1057 2656 1153 2698 quae
1183 2654 1334 2684 revera
1364 2655 1416 2683 ex
1444 2640 1497 2682 iis
1526 2638 1660 2681 fluere

127 2714 336 2756 videntur.
403 2714 514 2764 Quia
558 2714 791 2766 specimina
835 2713 947 2754 male
991 2714 1240 2767 praeparata
1284 2713 1360 2752 aut
1402 2706 1662 2761 incompleta

129 2782 438 2825 Herbariorum
483 2780 538 2823 ad
583 2785 744 2823 certam
791 2781 974 2834 speciem
1020 2779 1199 2823 Generis
1245 2791 1360 2834 aegre
1404 2775 1660 2826 referantur,
