1757 3114
121 136 420 190 Sarcophyllis.
721 135 1045 176 DUMON'riAcEAE.
1570 131 1650 171 265

115 251 197 292 filis
218 249 494 292 verticalibus
515 248 783 302 longioribus
804 260 975 301 quoque
992 249 1240 287 contextum
1257 245 1477 299 adpareat.
1510 243 1651 294 Quum

113 320 246 373 igitur
277 318 392 360 Sarc.
424 318 617 360 lobatam
649 318 702 359 ab
734 317 890 358 Iridaea
920 315 1036 356 eduli
1064 315 1184 356 haud
1205 315 1419 356 diversam
1442 327 1534 354 esse
1556 326 1649 365 spe-

113 389 219 429 ciem
257 387 473 428 convictus
520 401 626 437 311111,
674 399 827 427 nomen
873 384 1131 426 Genericum
1171 384 1262 437 jam
1307 381 1457 424 datum
1504 383 1650 421 nostro

113 455 270 497 Generi
302 470 350 497 eo
380 456 521 509 potius
554 455 763 508 adoptare
804 467 927 507 posse
963 452 1139 503 credidi,
1182 452 1297 506 quod
1339 450 1511 492 nomine
1545 449 1650 492 Sar-

113 524 311 577 cophylloe
336 524 427 578 jam
450 523 568 576 apud
595 522 862 564 Stackhouse
884 522 1029 563 Genus
1052 524 1203 572 exstat,
1227 520 1348 574 cujus
1369 518 1526 560 Iridaea
1547 517 1650 559 edu-

111 592 164 634 lis
195 592 276 633 fuit
307 592 480 645 species.

113 697 148 737 1.
180 695 220 737 S.
252 709 395 737 EDULIS
426 694 617 749 (Staok-h.
655 695 754 736 Ner.
792 692 905 735 Brit.
928 706 975 745 p.
1008 693 1082 748 57)
1115 692 1260 744 stipite
1292 691 1491 744 elongato
1523 691 1650 731 tereti

223 763 381 805 sensim
413 777 659 816 compresso
692 767 734 804 et
764 763 807 803 in
839 761 1036 803 frondem
1068 761 1650 802 membranaceo-carnosam

222 835 448 874 obovatam
479 833 705 885 integram,
738 845 922 885 superne
953 830 1125 872 demum
1172 830 1422 878 laceratam,
1454 829 1649 883 margine

222 899 432 954 aequalem
464 901 661 951 abeunte„
695 899 972 954 cystocarpiis
1004 898 1196 940 maculas
1218 898 1424 940 informes
1449 912 1524 951 per
1545 912 1647 951 par-

221 972 305 1009 tem
338 969 601 1022 superiorem
648 968 964 1021 occupantibus.
1016 967 1117 1009 Fue.
1165 968 1303 1010 edulis
1353 967 1518 1010 Stackh.
1553 967 1577 1008 l.
1612 980 1644 1007 (².

221 1038 304 1079 tab.
341 1039 408 1085 123
447 1041 574 1078 Turn.
609 1036 724 1079 Hz'st.
759 1037 839 1078 tab.
875 1037 965 1077 114.
1000 1036 1125 1089 Etayl.
1160 1035 1257 1078 Bot.
1292 1036 1371 1077 tab.
1404 1035 1523 1076 1307.
1557 1035 1646 1077 Iriss

221 1106 315 1148 deca
346 1106 485 1148 edzdis
518 1106 665 1159 Bory‚·
706 1105 830 1148 (ἔνθα
868 1104 965 1158 Algy.
1003 1105 1085 1146 ΒΥ.
1125 1106 1207 1147 tab.
1242 1107 1305 1146 17.
1346 1103 1483 1146 Harv.
1520 1103 1647 1157 Phyc.

225 1174 341 1216 Brit.
374 1175 457 1215 tab.
491 1176 554 1215 97.
591 1175 722 1216 Ke'iz‘e'.
745 1175 826 1217 tab.
853 1173 982 1228 Phyc.
1027 1174 1115 1215 Vol.
1148 1173 1307 1216 XVII
1323 1174 1404 1215 tab.
1437 1174 1474 1214 3.
1511 1172 1646 1215 801116.

223 1244 361 1285 edidis
391 1243 437 1286 J.
470 1243 550 1296 Ay.
588 1243 659 1297 Sp.
683 1257 731 1296 p.
765 1244 855 1284 172.
892 1243 1184 1297 Sarcophylles
1216 1243 1359 1285 lobata
1394 1243 1525 1284 Kio'tz.
1559 1241 1583 1282 l.
1604 1251 1645 1283 ’0.

223 1312 304 1353 tab.
337 1313 402 1352 97.

300 1380 410 1422 Hab.
443 1381 487 1421 in
517 1380 687 1422 Oceano
719 1380 928 1423 atlantico
959 1381 1016 1422 acl
1046 1380 1196 1422 littora
1227 1380 1425 1434 Europae.

108 1487 145 1527 2.
177 1484 217 1526 S.
249 1498 516 1526 CALIFORNICA
548 1484 611 1536 (J.
646 1484 726 1538 Ay.
758 1487 903 1541 mser.)
936 1486 1081 1539 stipite
1113 1485 1340 1539 (superne)
1373 1482 1646 1536 complanato

220 1555 264 1595 in
308 1554 505 1595 frondem
550 1555 1130 1596 membranaceo-carnosam
1179 1568 1363 1608 superne
1409 1553 1646 1594 laceratam

219 1622 417 1671 abeunte,
452 1622 619 1664 laciniis
651 1623 842 1664 cuneatis
883 1637 1066 1676 superne
1112 1623 1304 1664 dilatatis
1349 1622 1544 1676 margine
1576 1635 1645 1662 su-

220 1691 389 1744 periore
421 1692 679 1733 rotundatis.

270 1759 379 1801 Hab.
412 1760 466 1801 ad
497 1760 620 1801 littus
651 1760 857 1802 Americae
889 1760 1239 1814 septentrionalis
1271 1759 1508 1813 pacificum.

195 1850 440 1896 Fragmenta,
467 1862 548 1894 quae
586 1851 695 1896 hujus
735 1851 826 1896 vidi,
866 1851 1009 1886 sistunt
1046 1854 1193 1896 partem
1232 1851 1465 1896 superiorem
1503 1852 1644 1895 plantae

105 1907 260 1942 circiter
286 1908 533 1953 6—pollicaris‚
560 1909 693 1943 habitu
719 1909 799 1943 fere
825 1909 1089 1944 antecedentis
1131 1909 1286 1954 speciei,
1326 1910 1391 1944 sed
1419 1909 1644 1944 substantiae

103 1964 183 1998 fere
208 1965 403 1999 crassioris
431 1969 469 2000 et
494 1966 630 2000 coloris
658 1966 940 2011 atropurpurei,
972 1966 1228 2001 exsiccatione
1257 1967 1335 2001 fere
1373 1966 1644 2013 nigrescentis.

104 2022 271 2056 Laciniae
299 2025 388 2056 sunt
413 2023 565 2058 omnino
604 2035 778 2067 enerves,
816 2024 989 2068 partibus
1028 2024 1274 2059 inferioribus
1306 2023 1556 2070 irregularius
1584 2034 1645 2056 cu-

102 2079 241 2123 neatis⁷
266 2079 366 2113 infra
391 2080 535 2124 apicem
574 2092 674 2125 saepe
713 2081 897 2125 dilatatae,
924 2081 1096 2126 margine
1135 2081 1376 2126 peripherico
1414 2081 1643 2116 rotundatae.

102 2137 196 2171 Aliae
223 2137 381 2172 formam
407 2138 527 2183 magis
555 2138 727 2172 referunt
753 2139 1022 2183 Botryocarpae
1049 2139 1257 2183 111-01116166,
1276 2138 1381 2183 cujus
1400 2149 1547 2182 quoque
1566 2138 1644 2171 fere

103 2195 245 2229 habent
271 2195 449 2229 colorem.
497 2195 587 2229 Haec
626 2195 835 2240 specimina
873 2208 918 2230 ex
958 2196 1153 2230 territorio
1187 2195 1425 2240 Oregonensi
1452 2206 1471 2228 a
1496 2195 1645 2229 Farlow

103 2252 229 2286 missa.
1638 2259 1642 2262 ⁴

194 2309 389 2344 Praeterea
413 2321 539 2344 coram
565 2310 684 2345 habeo
712 2311 931 2346 inferiorem
958 2314 1105 2356 partem
1142 2312 1284 2355 plantae
1323 2310 1450 2345 forsan
1488 2323 1563 2345 non
1589 2310 1645 2343 ni-

104 2367 219 2401 mium
245 2367 394 2410 alienas,
420 2368 513 2401 mihi
539 2369 584 2402 ab
611 2369 734 2403 Eaton
759 2369 901 2412 missae,
931 2381 949 2403 6
977 2370 1061 2404 311111
1086 2369 1288 2413 Monterey
1307 2381 1326 2402 a
1344 2369 1411 2402 Dtr
1433 2369 1471 2402 C.
1499 2369 1541 2402 L.
1568 2368 1643 2402 An-

105 2425 243 2459 derson
268 2425 396 2458 lectae.
444 2425 535 2459 Haec
561 2425 714 2460 videtur
742 2426 843 2460 ultra
867 2426 1029 2470 pedalis,
1068 2426 1192 2461 valide
1219 2429 1367 2460 costata
1392 2429 1430 2459 et
1457 2426 1644 2469 stipitata7

105 2492 269 2526 superne
301 2485 339 2515 et
364 2493 384 2515 a
408 2481 644 2527 marginibus
682 2486 798 2517 costae
837 2483 969 2517 divisae
1008 2483 1049 2517 in
1087 2483 1247 2517 laminas
1287 2494 1465 2527 expansa.
1517 2482 1643 2527 Stipes

105 2539 215 2583 hujus
242 2539 393 2574 videtur
418 2539 714 2584 pluripollicaris
753 2552 1006 2585 compressus,
1034 2542 1091 2575 bis
1118 2541 1257 2575 lineam
1294 2542 1408 2584 latus,
1436 2542 1475 2574 in
1501 2544 1644 2575 costam

107 2596 360 2639 costulasque‚
387 2597 528 2630 sensim
553 2597 656 2631 intra
692 2597 850 2631 laminas
889 2598 1015 2632 forsan
1053 2599 1238 2642 evolutas,
1266 2598 1522 2632 continuatus.
1572 2598 1643 2631 La-

105 2652 217 2688 minae
236 2656 379 2697 partes,
398 2653 437 2686 in
456 2654 597 2688 nostris
615 2655 883 2699 persistentes,
900 2658 1094 2690 structura
1108 2668 1190 2690 011111
1207 2656 1322 2690 allata
1336 2655 1387 2699 pl.
1406 2655 1643 2700 Oregonensi

107 2709 186 2744 fere
212 2710 459 2753 conveniunt,
485 2710 559 2744 nisi
586 2712 685 2754 quod
711 2713 860 2747 cellulae
887 2713 1088 2747 cortice-les
1122 2713 1326 2747 interiores
1352 2713 1512 2756 majores
1540 2714 1579 2746 et
1604 2712 1642 2746 in

109 2769 271 2800 stratum
298 2765 476 2811 contigue
514 2766 592 2800 fere
631 2769 861 2804 coalescunt.
891 2791 930 2794 ψ
956 2769 1093 2804 Utrum
1130 2770 1328 2813 utriusque
1364 2770 1506 2814 plantae
1543 2769 1641 2814 frag-

107 2825 237 2857 menta
262 2823 308 2857 ad
335 2822 492 2856 eandem
519 2823 696 2868 speciem,
723 2837 770 2859 an
796 2826 923 2860 forsan
950 2826 996 2860 ad
1022 2827 1174 2861 omnino
1201 2827 1371 2861 diversas
1408 2826 1642 2873 pertineant,

110 2879 235 2914 dicere
261 2882 387 2914 tamen
413 2891 489 2914 non
515 2880 704 2916 auderem.
