1757 3114
1609 115 1688 156 697

155 242 251 282 pag.
283 228 365 269 380
395 226 528 269 adde:

155 300 191 339 6.
223 297 594 338 HILDENBRANDTIA
626 309 807 336 EXPANSA
855 294 1011 337 Dicloie
1062 295 1126 337 On
1172 295 1295 349 Alyae
1331 295 1524 338 collected
1553 300 1599 339 ab
1631 297 1689 340 St.

270 365 407 407 Pauls
437 364 570 407 rocks.

155 446 212 488 ad
243 445 530 488 Gracilariam
559 457 655 498 pag.
687 445 767 484 426
799 442 930 485 adde:

244 524 475 569 Specierum‚
501 534 591 567 quas
618 523 688 557 hoc
715 523 793 556 loco
819 522 922 556 inter
947 521 1193 566 inquirendas
1220 523 1346 566 attuli,
1372 523 1437 557 Gr.
1464 526 1633 558 cuneatae
1653 528 1691 559 et

152 582 217 616 Gr.
244 584 387 616 ornatae
412 580 572 615 Aresch.
600 580 746 614 demum
775 579 982 624 specimina
1008 579 1138 614 videre
1162 580 1338 625 contigit,
1365 580 1505 625 pagina
1524 580 1602 625 jam
1622 582 1690 616 sub

154 639 260 682 prelo
287 638 460 680 sudante,
487 636 756 672 benevolentia
781 635 958 670 Auctoris
978 635 1070 670 mihi
1091 636 1217 671 missa.
1253 637 1479 681 Comparata
1498 640 1691 671 structura

149 695 293 730 frondis
321 698 359 729 et
384 693 635 729 coccidiorum
661 705 773 728 unam
799 691 866 727 Gr.
894 695 1090 727 cuneatam
1112 693 1221 737 juxta
1240 694 1303 728 Gr.
1322 693 1613 738 multipartitam
1634 694 1689 730 iu-

151 753 349 787 serendam
375 755 561 797 putarem.
597 751 651 785 De
678 750 850 796 proxima
875 749 1055 784 affinitate
1082 751 1253 793 alterius,
1274 750 1337 785 Gr.
1357 754 1501 785 ornatae
1529 751 1689 786 Aresch.

149 810 275 844 forsan
303 809 475 853 quaedam
502 808 615 843 dubia
639 811 833 849 maneant:
860 807 1097 852 cystocarpia
1122 807 1300 841 nimirum
1326 808 1417 842 mihi
1456 809 1690 852 observanti,

149 868 305 901 nucleus
332 866 482 902 omnino
508 867 686 912 globosus
707 865 896 910 adparuit,
916 877 984 900 nec
1011 865 1109 899 utin
1130 866 1327 910 speciebus
1353 865 1529 911 genuinis
1557 866 1689 908 Podei,

151 937 233 959 cum
260 924 396 969 quibus
422 923 573 958 habitus
599 923 744 958 frondis
771 923 964 965 convenit,
1001 923 1214 968 placentam
1252 923 1494 968 deplanatam
1521 927 1560 958 et
1584 925 1689 959 lobu-

151 983 269 1016 losam
287 981 419 1016 videre
436 980 528 1015 mihi
547 979 722 1025 contigit.
758 980 815 1014 Ex
833 979 938 1025 apice
956 980 1141 1024 placentae
1162 980 1374 1014 rotundatae
1394 980 1459 1014 fila
1478 981 1689 1025 gemmidii-

151 1039 230 1073 fera
255 1039 473 1074 Gracilariae
509 1039 659 1073 evoluta
697 1037 788 1072 vidi.
838 1037 1030 1072 Posterius
1069 1037 1195 1072 forsan
1234 1041 1313 1072 tota
1349 1038 1526 1083 placenta
1562 1038 1601 1073 in
1627 1039 1691 1074 fila

150 1096 428 1142 gemmidiifera
453 1096 574 1139 abeat,
602 1098 701 1129 teste
729 1095 1003 1140 Areschougio,
1036 1093 1100 1138 qui
1126 1094 1301 1129 nucleum
1337 1095 1531 1130 evolutum
1568 1098 1689 1130 totum

153 1153 437 1198 sporocarpium
463 1153 610 1199 replere
637 1151 867 1187 observavit.

152 1249 249 1289 pag.
282 1236 362 1276 428
394 1235 611 1277 inseratur
622 1251 630 1276 ε

149 1315 459 1357 SARCOCLADIA?
491 1329 811 1357 CRATERIFORMIS
853 1315 920 1370 (J.
954 1315 1035 1369 Ay.
1066 1318 1214 1372 mser.)
1259 1316 1411 1358 fronde
1450 1331 1582 1371 supra
1613 1318 1688 1359 ad-

262 1389 462 1438 paratum
495 1384 729 1426 radicalem
760 1385 1018 1427 laminosum
1050 1385 1248 1439 peltatim
1281 1385 1436 1437 adfixa,
1469 1386 1512 1428 iu
1542 1387 1689 1429 orbem

263 1468 465 1508 expansa,
501 1455 682 1496 centrali
715 1459 837 1508 parte
868 1455 1055 1496 indivisa
1086 1455 1457 1504 subdecumbente,
1491 1457 1689 1510 periphe-

264 1523 354 1564 rica
385 1523 673 1564 adscendente
705 1537 810 1577 vage
841 1523 1003 1573 lobata‚
1026 1523 1136 1565 lobis
1158 1524 1570 1574 cuneato-obovatis,
1593 1525 1690 1578 plus

261 1593 403 1635 minus
436 1608 568 1647 supra
599 1594 760 1635 vicinas
800 1595 1001 1648 expansis
1033 1594 1205 1636 demum
1237 1609 1341 1649 vage
1372 1595 1557 1648 pertusis
1589 1596 1688 1638 sub—

262 1662 523 1711 fenestratis,
555 1663 823 1717 marginibus
855 1677 961 1717 vage
990 1663 1148 1705 Iobatis
1171 1664 1452 1718 crenatisque‚
1475 1668 1689 1718 cystocar-

262 1730 343 1783 piis
375 1730 436 1785 (Ρ)
469 1745 600 1784 supra
631 1732 833 1785 paginam
865 1732 1131 1785 superiorem
1163 1732 1354 1773 elevatis.

341 1798 451 1841 Hab.
482 1799 536 1840 ad
568 1813 667 1840 oras
700 1800 828 1842 Novae
860 1800 1094 1842 Zelandiae:
1129 1801 1367 1855 Berggren!

240 1877 361 1912 Frons
389 1890 503 1922 supra
529 1879 751 1924 adparatum
778 1880 982 1915 radicalem
1002 1880 1236 1924 obconicum‚
1255 1882 1418 1916 lamellis
1438 1882 1688 1927 superpositis

147 1934 338 1978 (reliquiis
365 1935 590 1970 laminarum
619 1936 892 1980 superstitibus
904 1937 937 1981 Ρ)
969 1938 1186 1981 formatum,
1213 1938 1318 1973 disco
1349 1939 1426 1973 lato
1453 1938 1690 1974 subindiviso

147 1991 320 2036 peltatim
350 1991 486 2036 adfixa,
525 1993 780 2028 exterioribus
819 1994 991 2038 partibus
1032 1995 1353 2030 adscendentibus
1391 1999 1472 2030 tota
1508 1996 1615 2039 quasi
1651 1997 1689 2032 in

147 2051 336 2082 craterum
352 2047 537 2083 latissime
557 2053 743 2093 apertum⁷
764 2051 950 2085 diametro
970 2052 1239 2095 smnipedalem
1258 2055 1296 2086 et
1314 2053 1425 2095 ultra,
1446 2053 1688 2087 conformata.

146 2105 237 2139 Pars
265 2106 438 2150 superior
465 2118 531 2141 seu
558 2108 727 2142 exterior
754 2108 901 2143 frondis
928 2109 1112 2154 profunde
1145 2110 1286 2151 lobata,
1324 2110 1419 2145 lobis
1446 2112 1687 2146 cuneato-ob-

149 2162 285 2205 ovatis,
313 2174 476 2208 superne
504 2175 604 2209 saepe
631 2166 719 2207 2‚—3
746 2165 904 2209 pollices
936 2166 1024 2200 latis
1052 2170 1090 2199 et
1114 2166 1349 2211 marginibus
1377 2178 1488 2211 supra
1514 2167 1605 2201 alias
1631 2166 1687 2201 in-

146 2219 434 2261 cumbentibus;
473 2232 573 2255 nunc
611 2221 706 2256 lobis
746 2222 853 2256 novis
886 2222 998 2266 juxta
1027 2224 1155 2257 basem
1192 2223 1362 2257 formatis
1390 2235 1503 2268 supra
1528 2224 1689 2259 adultio-

143 2289 204 2311 res
230 2277 554 2321 incumbentibus,
582 2277 645 2322 qui
672 2279 835 2323 demum,
862 2279 901 2313 ni
927 2279 1050 2321 fallor,
1077 2279 1115 2312 in
1141 2290 1256 2314 novas
1283 2279 1550 2324 generationes
1588 2280 1689 2315 fron-

145 2334 248 2369 dium
275 2335 423 2369 abeant.
460 2335 579 2380 Supra
603 2336 782 2381 paginam
810 2337 1044 2381 superiorem
1071 2348 1170 2371 nunc
1198 2336 1275 2371 vidi
1293 2336 1592 2381 proeminentias
1610 2349 1687 2371 um-

146 2393 637 2438 bilicato-hemisphaericas
675 2398 739 2429 aut
777 2396 1071 2440 subsphaericas,
1109 2395 1187 2429 fere
1225 2396 1377 2430 omnino
1404 2406 1570 2430 emersas
1597 2396 1688 2430 licet

150 2450 233 2485 basi
260 2451 337 2484 lata
364 2450 504 2495 affixas,
532 2463 622 2495 quas
650 2452 887 2496 cystocarpia
907 2451 1093 2496 juvenilia
1119 2451 1308 2496 suspicor3
1335 2452 1456 2485 nullas
1477 2458 1602 2486 autem
1622 2464 1688 2486 nu-

147 2507 228 2542 cleo
254 2508 351 2541 bene
378 2508 528 2542 evoluto
555 2507 685 2542 videre
712 2508 885 2554 contigit.
920 2508 1053 2542 Utrum
1079 2508 1210 2541 harum
1238 2507 1476 2551 disruptione
1503 2518 1548 2541 an
1575 2507 1686 2542 aliam

148 2565 195 2599 ob
221 2575 370 2599 causam
396 2563 476 2607 fiat,
502 2564 605 2599 frons
633 2565 782 2599 demum
819 2564 1067 2599 foraminibus
1106 2564 1277 2608 plurimis
1320 2567 1476 2608 pertusa
1511 2567 1551 2598 et
1586 2576 1687 2609 saepe

150 2620 285 2655 eximie
312 2621 523 2656 fenestrata
548 2622 822 2666 conspiciatur;
849 2625 887 2655 et
911 2621 966 2655 ita
991 2622 1095 2664 laesa,
1124 2624 1252 2665 partes
1279 2620 1426 2655 facilius
1454 2621 1685 2664 lacerantur,

149 2678 298 2712 laciniis
318 2677 527 2713 minoribus
546 2678 683 2713 iterum
703 2679 1011 2713 excrescentibus
1031 2677 1069 2712 in
1087 2679 1193 2713 lobos
1212 2678 1393 2723 plurimos
1413 2677 1686 2723 periphericosx,

149 2734 256 2778 quasi
282 2735 424 2780 petiolo
449 2738 612 2780 angusto
638 2735 773 2770 lineari
799 2736 1023 2779 instructos,
1055 2746 1218 2780 superne
1244 2734 1422 2769 dilatatos
1449 2735 1686 2770 obovato-ro-

150 2791 344 2835 tundatos,
369 2791 609 2836 peripherico
641 2792 814 2838 margine
854 2804 954 2836 saepe
992 2795 1159 2826 crenato.
1208 2792 1286 2826 Hoc
1325 2791 1446 2826 stadio
1483 2792 1686 2837 adspectus

148 2848 289 2897 plantae
317 2848 517 2885 admodum
555 2849 749 2892 diversus3
788 2849 851 2884 vix
888 2852 1013 2885 tamen
1052 2849 1248 2884 crederem
1274 2859 1334 2885 me
1359 2848 1486 2895 potius
1513 2848 1684 2885 diversas
