1757 3114
115 75 395 119 Stenocladia.
689 75 1105 118 SPHAEROCOOOOIDEAE.
1556 77 1637 117 439

223 188 506 241 carpostomio
559 193 770 242 apertum,
816 188 1013 230 nucleum
1066 188 1386 243 subsimplicem
1430 188 1636 240 foventia.;

221 256 420 310 placenta
450 257 608 299 basalis
640 258 817 309 elevata,
840 256 924 298 filis
945 257 1144 310 pluribus
1166 272 1192 298 a
1213 261 1313 300 tubo
1336 258 1516 299 centrali
1537 272 1636 311 pro-

220 325 487 367 venientibus
533 327 773 368 articulatis
811 330 853 367 et
883 328 1304 369 anastomosantibus
1350 331 1551 369 contexta
1595 331 1638 369 et

221 393 438 435 sterilibus
470 393 552 436 filis
583 409 680 436 cum
710 394 951 448 pericarpio
977 395 1140 449 juncta,
1172 408 1198 436 a
1228 396 1386 437 vertice
1417 399 1459 437 et
1488 394 1635 437 lateri-

219 464 298 504 bus
327 461 402 503 fila
439 463 767 516 geminidiifera,
791 463 885 504 'ima
929 462 1023 504 basi
1068 462 1354 505 fasciculatim
1398 463 1636 518 conjuncta,

218 529 315 571 dein
347 534 440 573 tota
469 532 650 573 invicem
680 531 816 573 libera
851 530 1141 584 subsimplica,
1177 544 1310 585 supra
1355 532 1545 586 stipitem
1574 534 1636 573 te-

217 612 344 640 nuem
374 599 653 641 articulatum
684 599 851 641 clavata
881 599 1117 650 sustinens3
1164 599 1396 653 gemmidia
1442 600 1487 641 in
1532 600 1636 641 arti-

217 666 323 708 culis
353 667 657 711 terminalibus
689 667 861 710 filorum
898 667 1082 720 evoluta,
1128 668 1531 723 obovato-oblonga,
1563 667 1637 710 de-

215 749 332 777 mum
362 737 613 779 rotundata.
678 736 992 790 Sphoerosporoe
1025 770 1033 778 .
1067 770 1074 777 .
1107 770 1115 778 .
1148 770 1156 777 .

200 853 473 896 Stenocladia
488 854 854 909 Phacelocarpum
870 857 912 896 et
928 854 1264 907 Areschougiam
1285 857 1503 897 structura
1520 854 1636 897 fron-

101 922 179 975 dis,
211 922 462 977 Heringiam
485 924 850 978 cystocarpiorum
872 926 1093 966 structura
1112 918 1201 965 fere
1223 923 1425 976 referens,
1448 924 1636 978 sphaero-

102 992 239 1046 sporis
278 991 420 1033 adhuc
458 992 616 1046 ignotis
648 993 793 1034 Genus
824 992 1014 1034 nondum
1051 992 1199 1034 forsan
1238 992 1342 1034 satis
1384 992 1636 1035 stabilitum.

102 1061 138 1101 A
170 1059 390 1113 Heringia,
423 1060 478 1101 ad
510 1073 641 1114 quam
672 1074 802 1101 unam
849 1061 1032 1114 speciem
1077 1059 1227 1101 retulit
1261 1059 1444 1116 Harvey,
1476 1061 1636 1115 majore

98 1129 336 1171 evolutione
382 1130 509 1171 strati
553 1129 804 1171 medullaris
848 1128 1004 1171 differt.
1064 1129 1225 1171 Tamen
1270 1129 1413 1171 dicere
1458 1129 1524 1171 fas
1571 1134 1636 1172 est

98 1201 283 1240 stratum
315 1198 554 1240 medullare
585 1200 629 1240 in
660 1199 810 1241 fronde
844 1199 1021 1254 juvenili
1058 1213 1170 1240 nunc
1208 1199 1263 1241 ad
1293 1200 1447 1242 tubum
1479 1200 1635 1242 axilem

95 1266 323 1309 reductum
354 1281 458 1310 esse.
519 1267 610 1310 Hoc
648 1268 775 1310 modo
814 1283 945 1310 unani
983 1268 1167 1322 speciem
1199 1268 1253 1309 ad
1284 1267 1537 1322 Heringiam
1568 1283 1635 1310 re-

101 1334 216 1377 ferre
247 1335 394 1377 forsan
424 1335 634 1378 licuisset:
677 1335 856 1390 reliquae
892 1339 1037 1378 autem
1069 1337 1243 1390 species,
1275 1337 1330 1378 ab
1361 1336 1441 1379 hoc
1472 1337 1541 1379 vix
1570 1337 1634 1378 di-

98 1403 317 1457 vellendae,
350 1418 445 1446 cum
475 1404 684 1459 Heringia
714 1419 829 1460 aegre
860 1405 1170 1448 consociantur.

96 1554 119 1578 *
153 1554 295 1598 Frons
333 1555 603 1597 teretmseula
650 1555 1189 1609 dichotomo-decowwoslta
1225 1556 1404 1611 farcta;
1442 1557 1626 1611 frondis

208 1623 373 1666 cellulis
403 1624 667 1666 ‘intermediis
696 1624 1138 1678 rotzmdato-oblonyis
1169 1625 1419 1677 laxioribus,
1452 1628 1633 1668 stratam

199 1693 430 1745 proprium
459 1693 694 1735 evidentius
715 1693 1026 1746 formantibus.

96 1834 131 1874 1.
163 1831 227 1874 ST.
262 1844 444 1873 FURCATA
475 1830 633 1883 (Harv.
666 1831 763 1886 Azy.
796 1835 931 1874 aastr.
970 1845 1054 1874 exs.
1085 1845 1155 1874 mo
1187 1833 1290 1888 311)
1321 1832 1473 1876 fronde
1503 1836 1631 1877 tereti

208 1899 368 1954 aequali
399 1899 959 1954 decomposito-dichotoma
1003 1900 1514 1957 fasciculam-fastigiata,
1560 1918 1630 1945 ra-

206 1968 287 2009 mis
327 1982 460 2022 supra
503 1968 656 2010 axillas
702 1969 1040 2011 subrotundatas
1085 1970 1391 2021 erectiusculis,
1439 1972 1631 2026 apicibus

205 2037 454 2088 attenuatis,
486 2039 765 2092 cystocarpiis
797 2038 852 2080 ad
883 2038 1023 2080 latera
1050 2052 1272 2081 ramorum
1293 2041 1630 2094 penultimorum

203 2105 424 2147 sessilibus
456 2105 687 2160 sphaericis.
721 2106 934 2160 Hermaia
955 2107 1138 2160 furcam
1171 2107 1308 2150 Harv.
1342 2109 1472 2163 Phyc.
1495 2115 1629 2153 aastr.

202 2173 284 2215 tab.
318 2173 419 2214 215!

354 2265 464 2308 Hab.
496 2266 617 2308 Nova
647 2266 881 2309 Hollandia
910 2268 1127 2310 australis.

181 2369 332 2414 Harvey
359 2369 612 2414 suspicionem
637 2370 757 2405 movit
775 2381 822 2405 an
839 2370 922 2405 haec
941 2370 991 2405 sit
1007 2370 1126 2406 forma
1144 2372 1317 2416 quaedam
1342 2372 1626 2419 Phacelocarpi‚

91 2438 161 2462 nec
187 2427 352 2472 speciem
377 2426 571 2472 propriam
597 2427 847 2462 constituens.
898 2427 1098 2463 Structura
1123 2440 1257 2464 revera
1281 2430 1401 2475 magis
1429 2442 1513 2465 cum
1531 2431 1625 2465 Pha-

92 2483 290 2528 celocarpo
317 2494 428 2527 quam
453 2494 538 2517 cum
562 2483 748 2530 Heringia
771 2484 811 2518 in
837 2495 880 2520 eo
905 2485 1109 2519 convenire
1136 2486 1289 2520 videtur
1326 2487 1425 2530 quod
1462 2490 1625 2523 stratum

90 2540 299 2575 medullare
326 2540 401 2574 filis
427 2541 655 2585 numerosis,
681 2542 814 2576 tubum
839 2541 977 2576 axilem
1003 2542 1342 2586 circumdantibus,
1368 2546 1543 2579 constare
1562 2546 1625 2581 ad-

90 2600 233 2642 pareat.
268 2598 431 2632 Fructus
450 2600 576 2633 autem
593 2598 875 2643 Phacelocarpi,
895 2599 1007 2635 hodie
1027 2602 1085 2634 sat
1103 2600 1200 2634 bene
1218 2600 1377 2646 cogniti,
1398 2613 1418 2636 a
1433 2601 1620 2638 fructibus

92 2654 344 2690 Stenocladiae
371 2655 573 2690 admodum
598 2656 797 2690 recedunt.

92 2796 134 2817 ³¹²*
169 2795 310 2838 Frorcs
340 2808 390 2837 ea:
419 2797 537 2838 tereti
567 2809 806 2849 compressa
838 2801 911 2839 aab
954 2810 1108 2851 anceps
1144 2798 1366 2851 pinnatam
1409 2799 1622 2856 decompo-
