<?xml version="1.0" encoding="UTF-8"?>
<!DOCTYPE html PUBLIC "-//W3C//DTD XHTML 1.0 Transitional//EN"
    "http://www.w3.org/TR/xhtml1/DTD/xhtml1-transitional.dtd">
<html xmlns="http://www.w3.org/1999/xhtml" xml:lang="en" lang="en">
 <head>
  <title>
</title>
<meta http-equiv="Content-Type" content="text/html;charset=utf-8" />
  <meta name='ocr-system' content='tesseract 3.04.00' />
  <meta name='ocr-capabilities' content='ocr_page ocr_carea ocr_par ocr_line ocrx_word'/>
</head>
<body>
  <div class='ocr_page' id='page_1' title='image "./speciesgeneraeto0301agar_0453.png"; bbox 0 0 1757 3114; ppageno 0'>
   <div class='ocr_carea' id='block_1_1' title="bbox 81 68 1604 112">
    <p class='ocr_par' dir='ltr' id='par_1_1' title="bbox 81 68 1604 112">
     <span class='ocr_line' id='line_1_1' title="bbox 81 68 1604 112; baseline -0.002 0"><span class='ocrx_word' id='word_1_1' title='bbox 81 69 358 112; x_wconf 70' lang='lat' dir='ltr'>Dicranema.</span> <span class='ocrx_word' id='word_1_2' title='bbox 644 68 1064 110; x_wconf 78' lang='lat' dir='ltr'>SPHAEROCOCCOIDEAE.</span> <span class='ocrx_word' id='word_1_3' title='bbox 1527 70 1604 110; x_wconf 76' lang='lat'>437</span> 
     </span>
    </p>
   </div>
   <div class='ocr_carea' id='block_1_2' title="bbox 186 180 1608 500">
    <p class='ocr_par' dir='ltr' id='par_1_2' title="bbox 186 180 1608 442">
     <span class='ocr_line' id='line_1_2' title="bbox 188 180 1608 237; baseline -0.001 -13"><span class='ocrx_word' id='word_1_4' title='bbox 188 183 365 236; x_wconf 86' lang='lat' dir='ltr'>stigiata</span> <span class='ocrx_word' id='word_1_5' title='bbox 401 181 667 236; x_wconf 81' lang='lat' dir='ltr'>spithamaea,</span> <span class='ocrx_word' id='word_1_6' title='bbox 700 183 891 237; x_wconf 84' lang='lat' dir='ltr'>apicibus</span> <span class='ocrx_word' id='word_1_7' title='bbox 934 182 1127 233; x_wconf 73' lang='lat' dir='ltr'>sumatis,</span> <span class='ocrx_word' id='word_1_8' title='bbox 1169 180 1485 236; x_wconf 78' lang='lat' dir='ltr'>conceptaculis</span> <span class='ocrx_word' id='word_1_9' title='bbox 1518 216 1524 222; x_wconf 93' lang='lat'><em>.</em></span> <span class='ocrx_word' id='word_1_10' title='bbox 1558 215 1567 222; x_wconf 91' lang='lat'><strong>.</strong></span> <span class='ocrx_word' id='word_1_11' title='bbox 1599 215 1608 223; x_wconf 85' lang='lat'><strong>.</strong></span> 
     </span>
     <span class='ocr_line' id='line_1_3' title="bbox 191 250 1606 305; baseline -0.001 -12"><span class='ocrx_word' id='word_1_12' title='bbox 191 250 397 293; x_wconf 72' lang='lat' dir='ltr'>Plocaria</span> <span class='ocrx_word' id='word_1_13' title='bbox 431 251 670 305; x_wconf 72' lang='lat' dir='ltr'>furcellata</span> <span class='ocrx_word' id='word_1_14' title='bbox 702 251 836 293; x_wconf 73' lang='lat' dir='ltr'>Mont.</span> <span class='ocrx_word' id='word_1_15' title='bbox 869 251 893 291; x_wconf 82' lang='lat' dir='ltr'>Z.</span> <span class='ocrx_word' id='word_1_16' title='bbox 926 265 956 291; x_wconf 79' lang='lat' dir='ltr'>c.</span> <span class='ocrx_word' id='word_1_17' title='bbox 994 250 1098 303; x_wconf 69' lang='lat' dir='ltr'><em>Syll.</em></span> <span class='ocrx_word' id='word_1_18' title='bbox 1121 264 1169 303; x_wconf 73' lang='lat' dir='ltr'>p.</span> <span class='ocrx_word' id='word_1_19' title='bbox 1202 251 1296 291; x_wconf 79' lang='lat'>413.</span> <span class='ocrx_word' id='word_1_20' title='bbox 1345 250 1475 292; x_wconf 59' lang='lat' dir='ltr'>Kietz.</span> <span class='ocrx_word' id='word_1_21' title='bbox 1523 251 1606 291; x_wconf 75' lang='lat' dir='ltr'>tal).</span> 
     </span>
     <span class='ocr_line' id='line_1_4' title="bbox 189 317 1605 372; baseline 0 -12"><span class='ocrx_word' id='word_1_22' title='bbox 189 318 319 372; x_wconf 65' lang='lat' dir='ltr'>Phyc.</span> <span class='ocrx_word' id='word_1_23' title='bbox 363 318 450 361; x_wconf 75' lang='lat' dir='ltr'>Vol.</span> <span class='ocrx_word' id='word_1_24' title='bbox 478 319 606 361; x_wconf 90' lang='lat' dir='ltr'>XIX</span> <span class='ocrx_word' id='word_1_25' title='bbox 623 320 704 362; x_wconf 75' lang='lat' dir='ltr'>tab.</span> <span class='ocrx_word' id='word_1_26' title='bbox 727 320 793 360; x_wconf 84' lang='lat'>73.</span> <span class='ocrx_word' id='word_1_27' title='bbox 828 317 951 361; x_wconf 68' lang='lat' dir='ltr'>Dior.</span> <span class='ocrx_word' id='word_1_28' title='bbox 985 318 1240 372; x_wconf 68' lang='lat' dir='ltr'>Montafflaei</span> <span class='ocrx_word' id='word_1_29' title='bbox 1270 318 1406 361; x_wconf 67' lang='lat' dir='ltr'>Gran.</span> <span class='ocrx_word' id='word_1_30' title='bbox 1432 318 1605 361; x_wconf 64' lang='lat' dir='ltr'>ffldsch.</span> 
     </span>
     <span class='ocr_line' id='line_1_5' title="bbox 186 388 452 442; baseline 0 -13"><span class='ocrx_word' id='word_1_31' title='bbox 186 388 283 441; x_wconf 61' lang='grc' dir='ltr'>Δίῃ.</span> <span class='ocrx_word' id='word_1_32' title='bbox 306 402 355 442; x_wconf 76' lang='lat' dir='ltr'>p.</span> <span class='ocrx_word' id='word_1_33' title='bbox 388 389 452 430; x_wconf 80' lang='lat'>21.</span> 
     </span>
    </p>

    <p class='ocr_par' dir='ltr' id='par_1_3' title="bbox 335 457 838 500">
     <span class='ocr_line' id='line_1_6' title="bbox 335 457 838 500; baseline 0 -2"><span class='ocrx_word' id='word_1_34' title='bbox 335 457 444 500; x_wconf 86' lang='lat' dir='ltr'>Hah.</span> <span class='ocrx_word' id='word_1_35' title='bbox 476 458 520 499; x_wconf 88' lang='lat' dir='ltr'>in</span> <span class='ocrx_word' id='word_1_36' title='bbox 552 458 661 499; x_wconf 88' lang='lat' dir='ltr'>mari</span> <span class='ocrx_word' id='word_1_37' title='bbox 692 457 838 499; x_wconf 87' lang='lat' dir='ltr'>rubro.</span> 
     </span>
    </p>
   </div>
   <div class='ocr_carea' id='block_1_3' title="bbox 67 535 1609 1217">
    <p class='ocr_par' dir='ltr' id='par_1_4' title="bbox 67 535 1609 1102">
     <span class='ocr_line' id='line_1_7' title="bbox 159 535 1608 580; baseline 0 -8"><span class='ocrx_word' id='word_1_38' title='bbox 159 536 297 572; x_wconf 86' lang='lat' dir='ltr'>Gracil.</span> <span class='ocrx_word' id='word_1_39' title='bbox 323 537 524 572; x_wconf 83' lang='lat' dir='ltr'>furcellata</span> <span class='ocrx_word' id='word_1_40' title='bbox 548 538 662 573; x_wconf 87' lang='lat' dir='ltr'>Harv.</span> <span class='ocrx_word' id='word_1_41' title='bbox 693 538 809 572; x_wconf 87' lang='lat' dir='ltr'>habet</span> <span class='ocrx_word' id='word_1_42' title='bbox 846 538 1076 571; x_wconf 81' lang='lat' dir='ltr'>structuram</span> <span class='ocrx_word' id='word_1_43' title='bbox 1114 535 1355 580; x_wconf 81' lang='lat' dir='ltr'>Gracilariae;</span> <span class='ocrx_word' id='word_1_44' title='bbox 1381 537 1421 572; x_wconf 88' lang='lat' dir='ltr'>in</span> <span class='ocrx_word' id='word_1_45' title='bbox 1445 537 1501 572; x_wconf 90' lang='lat' dir='ltr'>Pl.</span> <span class='ocrx_word' id='word_1_46' title='bbox 1530 536 1608 572; x_wconf 87' lang='lat' dir='ltr'>fur-</span> 
     </span>
     <span class='ocr_line' id='line_1_8' title="bbox 72 594 1607 641; baseline 0 -11"><span class='ocrx_word' id='word_1_47' title='bbox 72 596 210 630; x_wconf 88' lang='lat' dir='ltr'>cellata</span> <span class='ocrx_word' id='word_1_48' title='bbox 233 596 353 631; x_wconf 87' lang='lat' dir='ltr'>Mont.</span> <span class='ocrx_word' id='word_1_49' title='bbox 381 595 461 630; x_wconf 81' lang='lat' dir='ltr'>axis</span> <span class='ocrx_word' id='word_1_50' title='bbox 488 599 693 641; x_wconf 86' lang='lat' dir='ltr'>occupatur</span> <span class='ocrx_word' id='word_1_51' title='bbox 719 596 825 630; x_wconf 88' lang='lat' dir='ltr'>tenui</span> <span class='ocrx_word' id='word_1_52' title='bbox 855 594 1034 630; x_wconf 82' lang='lat' dir='ltr'>fasciculo</span> <span class='ocrx_word' id='word_1_53' title='bbox 1072 594 1221 630; x_wconf 89' lang='lat' dir='ltr'>filorum</span> <span class='ocrx_word' id='word_1_54' title='bbox 1258 595 1607 641; x_wconf 87' lang='lat' dir='ltr'>longitudinalium‚</span> 
     </span>
     <span class='ocr_line' id='line_1_9' title="bbox 71 652 1608 700; baseline 0 -13"><span class='ocrx_word' id='word_1_55' title='bbox 71 656 114 688; x_wconf 91' lang='lat' dir='ltr'>ut</span> <span class='ocrx_word' id='word_1_56' title='bbox 138 654 178 688; x_wconf 84' lang='lat' dir='ltr'>in</span> <span class='ocrx_word' id='word_1_57' title='bbox 203 654 484 689; x_wconf 85' lang='lat' dir='ltr'>Dicranematis</span> <span class='ocrx_word' id='word_1_58' title='bbox 512 655 710 700; x_wconf 85' lang='lat' dir='ltr'>speciebus</span> <span class='ocrx_word' id='word_1_59' title='bbox 736 653 912 699; x_wconf 85' lang='lat' dir='ltr'>propriis.</span> <span class='ocrx_word' id='word_1_60' title='bbox 963 652 1113 687; x_wconf 84' lang='lat' dir='ltr'>Sterilis</span> <span class='ocrx_word' id='word_1_61' title='bbox 1140 654 1271 698; x_wconf 85' lang='lat' dir='ltr'>planta</span> <span class='ocrx_word' id='word_1_62' title='bbox 1296 665 1398 699; x_wconf 83' lang='lat' dir='ltr'>aegre</span> <span class='ocrx_word' id='word_1_63' title='bbox 1424 665 1445 687; x_wconf 84' lang='lat' dir='ltr'>a</span> <span class='ocrx_word' id='word_1_64' title='bbox 1469 654 1515 688; x_wconf 91' lang='lat' dir='ltr'>D.</span> <span class='ocrx_word' id='word_1_65' title='bbox 1535 653 1608 687; x_wconf 86' lang='lat' dir='ltr'>fili-</span> 
     </span>
     <span class='ocr_line' id='line_1_10' title="bbox 69 710 1608 757; baseline -0.001 -12"><span class='ocrx_word' id='word_1_66' title='bbox 69 711 179 746; x_wconf 88' lang='lat' dir='ltr'>formi</span> <span class='ocrx_word' id='word_1_67' title='bbox 205 711 493 747; x_wconf 79' lang='lat' dir='ltr'>characteribus</span> <span class='ocrx_word' id='word_1_68' title='bbox 520 711 793 757; x_wconf 73' lang='lat' dir='ltr'>distinguatur.</span> <span class='ocrx_word' id='word_1_69' title='bbox 842 710 1046 745; x_wconf 79' lang='lat' dir='ltr'>Fructibus</span> <span class='ocrx_word' id='word_1_70' title='bbox 1073 711 1215 756; x_wconf 82' lang='lat' dir='ltr'>ignotis</span> <span class='ocrx_word' id='word_1_71' title='bbox 1253 714 1380 746; x_wconf 85' lang='lat' dir='ltr'>tamen</span> <span class='ocrx_word' id='word_1_72' title='bbox 1418 711 1608 746; x_wconf 86' lang='lat' dir='ltr'>incertum</span> 
     </span>
     <span class='ocr_line' id='line_1_11' title="bbox 78 768 1607 815; baseline 0 -12"><span class='ocrx_word' id='word_1_73' title='bbox 78 772 206 804; x_wconf 88' lang='lat' dir='ltr'>manet</span> <span class='ocrx_word' id='word_1_74' title='bbox 230 781 277 803; x_wconf 89' lang='lat' dir='ltr'>an</span> <span class='ocrx_word' id='word_1_75' title='bbox 302 780 437 804; x_wconf 87' lang='lat' dir='ltr'>revera</span> <span class='ocrx_word' id='word_1_76' title='bbox 461 769 739 805; x_wconf 87' lang='lat' dir='ltr'>Dicranematis</span> <span class='ocrx_word' id='word_1_77' title='bbox 767 768 911 815; x_wconf 86' lang='lat' dir='ltr'>species</span> <span class='ocrx_word' id='word_1_78' title='bbox 939 768 1000 803; x_wconf 90' lang='lat' dir='ltr'>sit.</span> <span class='ocrx_word' id='word_1_79' title='bbox 1051 769 1094 802; x_wconf 92' lang='lat' dir='ltr'>In</span> <span class='ocrx_word' id='word_1_80' title='bbox 1120 769 1300 813; x_wconf 85' lang='lat' dir='ltr'>opusculo</span> <span class='ocrx_word' id='word_1_81' title='bbox 1327 769 1373 804; x_wconf 84' lang='lat' dir='ltr'>de</span> <span class='ocrx_word' id='word_1_82' title='bbox 1391 769 1499 814; x_wconf 84' lang='lat' dir='ltr'>Algis</span> <span class='ocrx_word' id='word_1_83' title='bbox 1518 769 1607 804; x_wconf 86' lang='lat' dir='ltr'>Fid-</span> 
     </span>
     <span class='ocr_line' id='line_1_12' title="bbox 77 826 1607 873; baseline -0.001 -12"><span class='ocrx_word' id='word_1_84' title='bbox 77 827 306 862; x_wconf 90' lang='lat' dir='ltr'>schiensium</span> <span class='ocrx_word' id='word_1_85' title='bbox 344 827 507 863; x_wconf 87' lang='lat' dir='ltr'>Grunow</span> <span class='ocrx_word' id='word_1_86' title='bbox 540 828 634 862; x_wconf 89' lang='lat' dir='ltr'>dicit</span> <span class='ocrx_word' id='word_1_87' title='bbox 667 839 705 862; x_wconf 90' lang='lat' dir='ltr'>se</span> <span class='ocrx_word' id='word_1_88' title='bbox 742 827 1026 873; x_wconf 83' lang='lat' dir='ltr'>sphaerosporas</span> <span class='ocrx_word' id='word_1_89' title='bbox 1064 827 1226 862; x_wconf 85' lang='lat' dir='ltr'>zonatim</span> <span class='ocrx_word' id='word_1_90' title='bbox 1264 827 1405 862; x_wconf 82' lang='lat' dir='ltr'>divisas</span> <span class='ocrx_word' id='word_1_91' title='bbox 1444 826 1607 867; x_wconf 82' lang='lat' dir='ltr'>vidisse3</span> 
     </span>
     <span class='ocr_line' id='line_1_13' title="bbox 76 883 1609 928; baseline -0.001 -10"><span class='ocrx_word' id='word_1_92' title='bbox 76 895 122 919; x_wconf 84' lang='lat' dir='ltr'>ex</span> <span class='ocrx_word' id='word_1_93' title='bbox 147 895 220 928; x_wconf 89' lang='lat' dir='ltr'>qua</span> <span class='ocrx_word' id='word_1_94' title='bbox 244 885 509 919; x_wconf 89' lang='lat' dir='ltr'>observatione</span> <span class='ocrx_word' id='word_1_95' title='bbox 535 885 723 919; x_wconf 81' lang='lat' dir='ltr'>deducere</span> <span class='ocrx_word' id='word_1_96' title='bbox 749 885 832 919; x_wconf 87' lang='lat' dir='ltr'>vult</span> <span class='ocrx_word' id='word_1_97' title='bbox 855 883 1064 919; x_wconf 87' lang='lat' dir='ltr'>Plocariam</span> <span class='ocrx_word' id='word_1_98' title='bbox 1101 883 1339 918; x_wconf 84' lang='lat' dir='ltr'>furcellatam</span> <span class='ocrx_word' id='word_1_99' title='bbox 1376 884 1497 919; x_wconf 85' lang='lat' dir='ltr'>Mont.</span> <span class='ocrx_word' id='word_1_100' title='bbox 1524 895 1609 918; x_wconf 90' lang='lat' dir='ltr'>cum</span> 
     </span>
     <span class='ocr_line' id='line_1_14' title="bbox 74 940 1607 986; baseline -0.001 -11"><span class='ocrx_word' id='word_1_101' title='bbox 74 940 339 976; x_wconf 86' lang='lat' dir='ltr'>Sarconemate</span> <span class='ocrx_word' id='word_1_102' title='bbox 364 941 564 976; x_wconf 84' lang='lat' dir='ltr'>furcellato</span> <span class='ocrx_word' id='word_1_103' title='bbox 591 942 680 976; x_wconf 89' lang='lat' dir='ltr'>Zan.</span> <span class='ocrx_word' id='word_1_104' title='bbox 707 941 915 976; x_wconf 86' lang='lat' dir='ltr'>identicam</span> <span class='ocrx_word' id='word_1_105' title='bbox 941 952 1037 975; x_wconf 84' lang='lat' dir='ltr'>esse.</span> <span class='ocrx_word' id='word_1_106' title='bbox 1069 940 1278 975; x_wconf 86' lang='lat' dir='ltr'>Zanardini</span> <span class='ocrx_word' id='word_1_107' title='bbox 1305 941 1372 986; x_wconf 79' lang='lat' dir='ltr'>(pl.</span> <span class='ocrx_word' id='word_1_108' title='bbox 1391 952 1483 976; x_wconf 79' lang='lat' dir='ltr'>mar.</span> <span class='ocrx_word' id='word_1_109' title='bbox 1502 941 1607 976; x_wconf 79' lang='lat' dir='ltr'>rubr.</span> 
     </span>
     <span class='ocr_line' id='line_1_15' title="bbox 67 998 1608 1044; baseline -0.001 -11"><span class='ocrx_word' id='word_1_110' title='bbox 67 1010 108 1043; x_wconf 75' lang='lat'>10.</span> <span class='ocrx_word' id='word_1_111' title='bbox 134 999 192 1044; x_wconf 87' lang='grc'>58)</span> <span class='ocrx_word' id='word_1_112' title='bbox 218 1002 416 1043; x_wconf 86' lang='lat' dir='ltr'>utramque</span> <span class='ocrx_word' id='word_1_113' title='bbox 440 1000 610 1044; x_wconf 80' lang='lat' dir='ltr'>plantam</span> <span class='ocrx_word' id='word_1_114' title='bbox 636 999 795 1033; x_wconf 79' lang='lat' dir='ltr'>seorsim</span> <span class='ocrx_word' id='word_1_115' title='bbox 820 1001 1030 1042; x_wconf 82' lang='lat' dir='ltr'>enumerat,</span> <span class='ocrx_word' id='word_1_116' title='bbox 1071 998 1220 1043; x_wconf 84' lang='lat' dir='ltr'>adjecta</span> <span class='ocrx_word' id='word_1_117' title='bbox 1255 998 1536 1042; x_wconf 84' lang='lat' dir='ltr'>observatione,</span> <span class='ocrx_word' id='word_1_118' title='bbox 1562 1010 1608 1032; x_wconf 86' lang='lat' dir='ltr'>ex</span> 
     </span>
     <span class='ocr_line' id='line_1_16' title="bbox 73 1054 1509 1102; baseline -0.001 -12"><span class='ocrx_word' id='word_1_119' title='bbox 73 1067 146 1099; x_wconf 86' lang='lat' dir='ltr'>qua</span> <span class='ocrx_word' id='word_1_120' title='bbox 170 1056 352 1102; x_wconf 81' lang='lat' dir='ltr'>colligere</span> <span class='ocrx_word' id='word_1_121' title='bbox 378 1055 470 1090; x_wconf 90' lang='lat' dir='ltr'>licet</span> <span class='ocrx_word' id='word_1_122' title='bbox 496 1067 579 1090; x_wconf 89' lang='lat' dir='ltr'>eum</span> <span class='ocrx_word' id='word_1_123' title='bbox 605 1056 752 1091; x_wconf 87' lang='lat' dir='ltr'>Plocar.</span> <span class='ocrx_word' id='word_1_124' title='bbox 778 1056 1019 1090; x_wconf 83' lang='lat' dir='ltr'>furcellatam</span> <span class='ocrx_word' id='word_1_125' title='bbox 1044 1054 1243 1100; x_wconf 81' lang='lat' dir='ltr'>Montagn.</span> <span class='ocrx_word' id='word_1_126' title='bbox 1272 1056 1509 1090; x_wconf 81' lang='lat' dir='ltr'>observasse.</span> 
     </span>
    </p>

    <p class='ocr_par' dir='ltr' id='par_1_5' title="bbox 73 1112 1607 1217">
     <span class='ocr_line' id='line_1_17' title="bbox 162 1112 1607 1158; baseline -0.001 -11"><span class='ocrx_word' id='word_1_127' title='bbox 162 1113 264 1147; x_wconf 90' lang='lat' dir='ltr'>Dicr.</span> <span class='ocrx_word' id='word_1_128' title='bbox 289 1113 532 1148; x_wconf 86' lang='lat' dir='ltr'>furcellatum</span> <span class='ocrx_word' id='word_1_129' title='bbox 559 1113 694 1156; x_wconf 78' lang='lat' dir='ltr'>(Hoolc.</span> <span class='ocrx_word' id='word_1_130' title='bbox 721 1117 755 1148; x_wconf 75' lang='lat' dir='ltr'>et</span> <span class='ocrx_word' id='word_1_131' title='bbox 779 1113 898 1148; x_wconf 74' lang='lat' dir='ltr'>Harv.</span> <span class='ocrx_word' id='word_1_132' title='bbox 928 1113 990 1148; x_wconf 81' lang='lat' dir='ltr'>Fz.</span> <span class='ocrx_word' id='word_1_133' title='bbox 1020 1113 1139 1148; x_wconf 82' lang='lat' dir='ltr'>Tasm.</span> <span class='ocrx_word' id='word_1_134' title='bbox 1161 1124 1202 1158; x_wconf 75' lang='lat' dir='ltr'>p.</span> <span class='ocrx_word' id='word_1_135' title='bbox 1222 1114 1305 1158; x_wconf 74' lang='lat'>313)</span> <span class='ocrx_word' id='word_1_136' title='bbox 1324 1115 1384 1147; x_wconf 84' lang='lat' dir='ltr'>est</span> <span class='ocrx_word' id='word_1_137' title='bbox 1401 1112 1607 1147; x_wconf 85' lang='lat' dir='ltr'>Dicurellae</span> 
     </span>
     <span class='ocr_line' id='line_1_18' title="bbox 73 1171 1022 1217; baseline -0.001 -11"><span class='ocrx_word' id='word_1_138' title='bbox 73 1171 267 1207; x_wconf 71' lang='lat' dir='ltr'>concinnae</span> <span class='ocrx_word' id='word_1_139' title='bbox 294 1172 479 1217; x_wconf 81' lang='lat' dir='ltr'>proxima,</span> <span class='ocrx_word' id='word_1_140' title='bbox 507 1172 538 1206; x_wconf 89' lang='lat' dir='ltr'>si</span> <span class='ocrx_word' id='word_1_141' title='bbox 563 1184 637 1207; x_wconf 91' lang='lat' dir='ltr'>non</span> <span class='ocrx_word' id='word_1_142' title='bbox 664 1171 817 1207; x_wconf 91' lang='lat' dir='ltr'>omnino</span> <span class='ocrx_word' id='word_1_143' title='bbox 841 1171 1022 1206; x_wconf 85' lang='lat' dir='ltr'>identica.</span> 
     </span>
    </p>
   </div>
   <div class='ocr_carea' id='block_1_4' title="bbox 596 1274 1084 1328">
    <p class='ocr_par' dir='ltr' id='par_1_6' title="bbox 596 1274 1084 1328">
     <span class='ocr_line' id='line_1_19' title="bbox 596 1274 1084 1328; baseline -0.004 -10"><span class='ocrx_word' id='word_1_144' title='bbox 596 1275 763 1328; x_wconf 71' lang='lat' dir='ltr'>Species</span> <span class='ocrx_word' id='word_1_145' title='bbox 794 1274 898 1317; x_wconf 61' lang='lat' dir='ltr'>mihi</span> <span class='ocrx_word' id='word_1_146' title='bbox 928 1276 1084 1328; x_wconf 71' lang='lat' dir='ltr'>iynota.</span> 
     </span>
    </p>
   </div>
   <div class='ocr_carea' id='block_1_5' title="bbox 76 1366 1608 1492">
    <p class='ocr_par' dir='ltr' id='par_1_7' title="bbox 76 1366 1608 1492">
     <span class='ocr_line' id='line_1_20' title="bbox 76 1366 1608 1420; baseline -0.001 -10"><span class='ocrx_word' id='word_1_147' title='bbox 76 1368 193 1410; x_wconf 72' lang='lat' dir='ltr'>cha.</span> <span class='ocrx_word' id='word_1_148' title='bbox 226 1381 438 1410; x_wconf 74' lang='lat' dir='ltr'>SETAcnUM</span> <span class='ocrx_word' id='word_1_149' title='bbox 474 1367 599 1410; x_wconf 58' lang='grc' dir='ltr'><em>δοκεῖ.</em></span> <span class='ocrx_word' id='word_1_150' title='bbox 640 1367 737 1420; x_wconf 68' lang='lat' dir='ltr'><strong><em>Azy.</em></strong></span> <span class='ocrx_word' id='word_1_151' title='bbox 778 1371 883 1419; x_wconf 73' lang='lat' dir='ltr'>trop.</span> <span class='ocrx_word' id='word_1_152' title='bbox 924 1369 1058 1408; x_wconf 73' lang='lat' dir='ltr'>austr.</span> <span class='ocrx_word' id='word_1_153' title='bbox 1085 1381 1129 1420; x_wconf 70' lang='lat' dir='ltr'>p.</span> <span class='ocrx_word' id='word_1_154' title='bbox 1162 1367 1227 1408; x_wconf 79' lang='lat'>26.</span> <span class='ocrx_word' id='word_1_155' title='bbox 1260 1366 1396 1410; x_wconf 67' lang='lat' dir='ltr'>Gran.</span> <span class='ocrx_word' id='word_1_156' title='bbox 1432 1366 1608 1409; x_wconf 66' lang='lat' dir='ltr'>Fidsch.</span> 
     </span>
     <span class='ocr_line' id='line_1_21' title="bbox 185 1436 1059 1492; baseline -0.002 -13"><span class='ocrx_word' id='word_1_157' title='bbox 185 1437 283 1492; x_wconf 65' lang='lat' dir='ltr'><strong><em>Azy.</em></strong></span> <span class='ocrx_word' id='word_1_158' title='bbox 305 1451 353 1491; x_wconf 78' lang='lat'>10·</span> <span class='ocrx_word' id='word_1_159' title='bbox 385 1451 407 1478; x_wconf 89' lang='lat' dir='ltr'>e</span> <span class='ocrx_word' id='word_1_160' title='bbox 438 1450 547 1479; x_wconf 86' lang='lat' dir='ltr'>nova</span> <span class='ocrx_word' id='word_1_161' title='bbox 576 1436 811 1479; x_wconf 84' lang='lat' dir='ltr'>Hollandia</span> <span class='ocrx_word' id='word_1_162' title='bbox 841 1436 1059 1478; x_wconf 85' lang='lat' dir='ltr'>calidiore.</span> 
     </span>
    </p>
   </div>
   <div class='ocr_carea' id='block_1_6' title="bbox 73 1578 1541 1640">
    <p class='ocr_par' dir='ltr' id='par_1_8' title="bbox 73 1578 1541 1640">
     <span class='ocr_line' id='line_1_22' title="bbox 73 1578 1541 1640; baseline -0.002 -12"><span class='ocrx_word' id='word_1_163' title='bbox 73 1578 190 1628; x_wconf 69' lang='lat' dir='ltr'>GVH.</span> <span class='ocrx_word' id='word_1_164' title='bbox 231 1578 477 1629; x_wconf 84' lang='lat' dir='ltr'><strong>HERINGIA</strong></span> <span class='ocrx_word' id='word_1_165' title='bbox 512 1587 558 1630; x_wconf 85' lang='lat' dir='ltr'>J.</span> <span class='ocrx_word' id='word_1_166' title='bbox 591 1586 671 1640; x_wconf 70' lang='lat' dir='ltr'>Ay.</span> <span class='ocrx_word' id='word_1_167' title='bbox 704 1585 803 1639; x_wconf 66' lang='lat' dir='ltr'><strong><em>Azy.</em></strong></span> <span class='ocrx_word' id='word_1_168' title='bbox 834 1586 939 1627; x_wconf 78' lang='lat' dir='ltr'>med.</span> <span class='ocrx_word' id='word_1_169' title='bbox 963 1599 1011 1638; x_wconf 77' lang='lat' dir='ltr'>p.</span> <span class='ocrx_word' id='word_1_170' title='bbox 1045 1586 1110 1627; x_wconf 77' lang='lat'>68.</span> <span class='ocrx_word' id='word_1_171' title='bbox 1145 1584 1216 1638; x_wconf 74' lang='lat' dir='ltr'>Sp.</span> <span class='ocrx_word' id='word_1_172' title='bbox 1248 1584 1346 1638; x_wconf 71' lang='lat' dir='ltr'>Algy.</span> <span class='ocrx_word' id='word_1_173' title='bbox 1369 1598 1417 1637; x_wconf 76' lang='lat' dir='ltr'>p.</span> <span class='ocrx_word' id='word_1_174' title='bbox 1449 1585 1541 1625; x_wconf 75' lang='lat'><strong>637.</strong></span> 
     </span>
    </p>
   </div>
   <div class='ocr_carea' id='block_1_7' title="bbox 72 1689 1608 2778">
    <p class='ocr_par' dir='ltr' id='par_1_9' title="bbox 72 1689 1608 2778">
     <span class='ocr_line' id='line_1_23' title="bbox 72 1689 1608 1743; baseline -0.003 -7"><span class='ocrx_word' id='word_1_175' title='bbox 72 1695 208 1736; x_wconf 87' lang='lat' dir='ltr'>Frons</span> <span class='ocrx_word' id='word_1_176' title='bbox 238 1690 874 1743; x_wconf 82' lang='lat' dir='ltr'>membranaceo-cartilaginea</span> <span class='ocrx_word' id='word_1_177' title='bbox 918 1689 1199 1731; x_wconf 87' lang='lat' dir='ltr'>teretiuscula</span> <span class='ocrx_word' id='word_1_178' title='bbox 1243 1693 1319 1730; x_wconf 89' lang='lat' dir='ltr'>aut</span> <span class='ocrx_word' id='word_1_179' title='bbox 1362 1703 1608 1743; x_wconf 86' lang='lat' dir='ltr'>compressa</span> 
     </span>
     <span class='ocr_line' id='line_1_24' title="bbox 183 1758 1608 1813; baseline -0.003 -8"><span class='ocrx_word' id='word_1_180' title='bbox 183 1764 384 1805; x_wconf 85' lang='lat' dir='ltr'>immerse</span> <span class='ocrx_word' id='word_1_181' title='bbox 415 1764 594 1811; x_wconf 83' lang='lat' dir='ltr'>costata,</span> <span class='ocrx_word' id='word_1_182' title='bbox 630 1758 791 1813; x_wconf 87' lang='lat' dir='ltr'>triplici</span> <span class='ocrx_word' id='word_1_183' title='bbox 826 1762 964 1801; x_wconf 86' lang='lat' dir='ltr'>strato</span> <span class='ocrx_word' id='word_1_184' title='bbox 1007 1759 1260 1809; x_wconf 82' lang='lat' dir='ltr'>constituta3</span> <span class='ocrx_word' id='word_1_185' title='bbox 1299 1761 1419 1800; x_wconf 90' lang='lat' dir='ltr'>costa</span> <span class='ocrx_word' id='word_1_186' title='bbox 1448 1772 1474 1799; x_wconf 90' lang='lat' dir='ltr'>a</span> <span class='ocrx_word' id='word_1_187' title='bbox 1503 1759 1608 1801; x_wconf 91' lang='lat' dir='ltr'>tubo</span> 
     </span>
     <span class='ocr_line' id='line_1_25' title="bbox 183 1826 1608 1882; baseline -0.004 -9"><span class='ocrx_word' id='word_1_188' title='bbox 183 1829 365 1873; x_wconf 83' lang='lat' dir='ltr'>centrali</span> <span class='ocrx_word' id='word_1_189' title='bbox 396 1829 577 1882; x_wconf 78' lang='lat' dir='ltr'>singulo,</span> <span class='ocrx_word' id='word_1_190' title='bbox 608 1828 778 1882; x_wconf 82' lang='lat' dir='ltr'>longius</span> <span class='ocrx_word' id='word_1_191' title='bbox 810 1826 1055 1879; x_wconf 79' lang='lat' dir='ltr'>articulato,</span> <span class='ocrx_word' id='word_1_192' title='bbox 1089 1830 1331 1877; x_wconf 79' lang='lat' dir='ltr'>constante3</span> <span class='ocrx_word' id='word_1_193' title='bbox 1376 1830 1513 1869; x_wconf 79' lang='lat' dir='ltr'>strato</span> <span class='ocrx_word' id='word_1_194' title='bbox 1543 1827 1608 1868; x_wconf 88' lang='lat' dir='ltr'>in-</span> 
     </span>
     <span class='ocr_line' id='line_1_26' title="bbox 184 1895 1607 1950; baseline -0.003 -9"><span class='ocrx_word' id='word_1_195' title='bbox 184 1898 392 1941; x_wconf 87' lang='lat' dir='ltr'>termedio</span> <span class='ocrx_word' id='word_1_196' title='bbox 424 1897 590 1939; x_wconf 87' lang='lat' dir='ltr'>cellulis</span> <span class='ocrx_word' id='word_1_197' title='bbox 623 1896 830 1950; x_wconf 79' lang='lat' dir='ltr'>oblongis,</span> <span class='ocrx_word' id='word_1_198' title='bbox 856 1909 1003 1937; x_wconf 81' lang='lat' dir='ltr'>versus</span> <span class='ocrx_word' id='word_1_199' title='bbox 1025 1895 1295 1949; x_wconf 85' lang='lat' dir='ltr'>superficiem</span> <span class='ocrx_word' id='word_1_200' title='bbox 1316 1895 1607 1947; x_wconf 79' lang='lat' dir='ltr'>brevioribus3</span> 
     </span>
     <span class='ocr_line' id='line_1_27' title="bbox 185 1964 1608 2023; baseline -0.002 -13"><span class='ocrx_word' id='word_1_201' title='bbox 185 1968 454 2023; x_wconf 86' lang='lat' dir='ltr'>peripherico</span> <span class='ocrx_word' id='word_1_202' title='bbox 485 1966 758 2008; x_wconf 89' lang='lat' dir='ltr'>verticalibus</span> <span class='ocrx_word' id='word_1_203' title='bbox 790 1966 968 2007; x_wconf 86' lang='lat' dir='ltr'>minutis</span> <span class='ocrx_word' id='word_1_204' title='bbox 1000 1966 1043 2005; x_wconf 89' lang='lat' dir='ltr'>in</span> <span class='ocrx_word' id='word_1_205' title='bbox 1074 1964 1147 2006; x_wconf 87' lang='lat' dir='ltr'>fila</span> <span class='ocrx_word' id='word_1_206' title='bbox 1180 1964 1486 2006; x_wconf 86' lang='lat' dir='ltr'>moniliformia</span> <span class='ocrx_word' id='word_1_207' title='bbox 1507 1965 1608 2007; x_wconf 87' lang='lat' dir='ltr'>sub-</span> 
     </span>
     <span class='ocr_line' id='line_1_28' title="bbox 185 2032 1607 2088; baseline -0.002 -9"><span class='ocrx_word' id='word_1_208' title='bbox 185 2038 367 2079; x_wconf 85' lang='lat' dir='ltr'>seriatis.</span> <span class='ocrx_word' id='word_1_209' title='bbox 409 2035 605 2080; x_wconf 71' lang='lat' dir='ltr'>Coccidia</span> <span class='ocrx_word' id='word_1_210' title='bbox 638 2035 753 2076; x_wconf 81' lang='lat' dir='ltr'>infra</span> <span class='ocrx_word' id='word_1_211' title='bbox 784 2035 950 2088; x_wconf 85' lang='lat' dir='ltr'>apicem</span> <span class='ocrx_word' id='word_1_212' title='bbox 983 2038 1303 2087; x_wconf 81' lang='lat' dir='ltr'>segmentorum</span> <span class='ocrx_word' id='word_1_213' title='bbox 1333 2032 1485 2075; x_wconf 87' lang='lat' dir='ltr'>inflata</span> <span class='ocrx_word' id='word_1_214' title='bbox 1507 2034 1607 2076; x_wconf 86' lang='lat' dir='ltr'>sub-</span> 
     </span>
     <span class='ocr_line' id='line_1_29' title="bbox 184 2103 1607 2159; baseline -0.003 -11"><span class='ocrx_word' id='word_1_215' title='bbox 184 2110 450 2155; x_wconf 70' lang='lat' dir='ltr'>mucronata,</span> <span class='ocrx_word' id='word_1_216' title='bbox 481 2106 597 2147; x_wconf 86' lang='lat' dir='ltr'>intra</span> <span class='ocrx_word' id='word_1_217' title='bbox 627 2105 917 2159; x_wconf 83' lang='lat' dir='ltr'>pericarpium</span> <span class='ocrx_word' id='word_1_218' title='bbox 955 2103 1219 2153; x_wconf 79' lang='lat' dir='ltr'>cellulosum‚</span> <span class='ocrx_word' id='word_1_219' title='bbox 1252 2103 1425 2145; x_wconf 87' lang='lat' dir='ltr'>demum</span> <span class='ocrx_word' id='word_1_220' title='bbox 1456 2117 1607 2157; x_wconf 86' lang='lat' dir='ltr'>carpo-</span> 
     </span>
     <span class='ocr_line' id='line_1_30' title="bbox 185 2172 1608 2228; baseline -0.004 -10"><span class='ocrx_word' id='word_1_221' title='bbox 185 2176 337 2218; x_wconf 90' lang='lat' dir='ltr'>stomio</span> <span class='ocrx_word' id='word_1_222' title='bbox 359 2178 568 2228; x_wconf 73' lang='lat' dir='ltr'>apertum,</span> <span class='ocrx_word' id='word_1_223' title='bbox 591 2173 790 2214; x_wconf 87' lang='lat' dir='ltr'>nucleum</span> <span class='ocrx_word' id='word_1_224' title='bbox 814 2172 1134 2226; x_wconf 87' lang='lat' dir='ltr'>subsimplicem</span> <span class='ocrx_word' id='word_1_225' title='bbox 1166 2172 1376 2223; x_wconf 86' lang='lat' dir='ltr'>foventia;</span> <span class='ocrx_word' id='word_1_226' title='bbox 1408 2172 1608 2225; x_wconf 88' lang='lat' dir='ltr'>placenta</span> 
     </span>
     <span class='ocr_line' id='line_1_31' title="bbox 184 2240 1606 2295; baseline -0.004 -9"><span class='ocrx_word' id='word_1_227' title='bbox 184 2245 362 2295; x_wconf 76' lang='lat' dir='ltr'>elevata,</span> <span class='ocrx_word' id='word_1_228' title='bbox 393 2242 477 2284; x_wconf 88' lang='lat' dir='ltr'>filis</span> <span class='ocrx_word' id='word_1_229' title='bbox 507 2242 705 2295; x_wconf 86' lang='lat' dir='ltr'>pluribus</span> <span class='ocrx_word' id='word_1_230' title='bbox 737 2255 762 2283; x_wconf 90' lang='lat' dir='ltr'>a</span> <span class='ocrx_word' id='word_1_231' title='bbox 794 2241 900 2282; x_wconf 90' lang='lat' dir='ltr'>tubo</span> <span class='ocrx_word' id='word_1_232' title='bbox 934 2240 1117 2282; x_wconf 87' lang='lat' dir='ltr'>centrali</span> <span class='ocrx_word' id='word_1_233' title='bbox 1155 2240 1505 2293; x_wconf 84' lang='lat' dir='ltr'>provenientibus</span> <span class='ocrx_word' id='word_1_234' title='bbox 1536 2253 1606 2281; x_wconf 88' lang='lat' dir='ltr'>ar-</span> 
     </span>
     <span class='ocr_line' id='line_1_32' title="bbox 184 2308 1606 2361; baseline -0.004 -6"><span class='ocrx_word' id='word_1_235' title='bbox 184 2313 375 2356; x_wconf 88' lang='lat' dir='ltr'>ticulatis</span> <span class='ocrx_word' id='word_1_236' title='bbox 396 2315 439 2353; x_wconf 90' lang='lat' dir='ltr'>et</span> <span class='ocrx_word' id='word_1_237' title='bbox 460 2311 882 2353; x_wconf 86' lang='lat' dir='ltr'>anastomosantibus</span> <span class='ocrx_word' id='word_1_238' title='bbox 905 2313 1119 2361; x_wconf 78' lang='lat' dir='ltr'>contexta,</span> <span class='ocrx_word' id='word_1_239' title='bbox 1152 2309 1372 2350; x_wconf 82' lang='lat' dir='ltr'>sterilibus</span> <span class='ocrx_word' id='word_1_240' title='bbox 1403 2308 1487 2350; x_wconf 88' lang='lat' dir='ltr'>filis</span> <span class='ocrx_word' id='word_1_241' title='bbox 1509 2323 1606 2350; x_wconf 91' lang='lat' dir='ltr'>cum</span> 
     </span>
     <span class='ocr_line' id='line_1_33' title="bbox 184 2377 1604 2437; baseline -0.004 -13"><span class='ocrx_word' id='word_1_242' title='bbox 184 2381 427 2437; x_wconf 85' lang='lat' dir='ltr'>pericarpio</span> <span class='ocrx_word' id='word_1_243' title='bbox 452 2381 616 2434; x_wconf 84' lang='lat' dir='ltr'>juncta,</span> <span class='ocrx_word' id='word_1_244' title='bbox 647 2394 673 2421; x_wconf 87' lang='lat' dir='ltr'>a</span> <span class='ocrx_word' id='word_1_245' title='bbox 693 2380 853 2422; x_wconf 86' lang='lat' dir='ltr'>vertice</span> <span class='ocrx_word' id='word_1_246' title='bbox 875 2383 918 2420; x_wconf 89' lang='lat' dir='ltr'>et</span> <span class='ocrx_word' id='word_1_247' title='bbox 939 2378 1150 2420; x_wconf 88' lang='lat' dir='ltr'>lateribus</span> <span class='ocrx_word' id='word_1_248' title='bbox 1182 2377 1256 2418; x_wconf 89' lang='lat' dir='ltr'>fila</span> <span class='ocrx_word' id='word_1_249' title='bbox 1277 2377 1604 2431; x_wconf 72' lang='lat' dir='ltr'>gemmidiifera,</span> 
     </span>
     <span class='ocr_line' id='line_1_34' title="bbox 184 2447 1606 2500; baseline -0.004 -7"><span class='ocrx_word' id='word_1_250' title='bbox 184 2453 272 2493; x_wconf 86' lang='lat' dir='ltr'>ima</span> <span class='ocrx_word' id='word_1_251' title='bbox 301 2450 395 2493; x_wconf 87' lang='lat' dir='ltr'>basi</span> <span class='ocrx_word' id='word_1_252' title='bbox 426 2449 693 2500; x_wconf 84' lang='lat' dir='ltr'>fasciculata,</span> <span class='ocrx_word' id='word_1_253' title='bbox 715 2449 815 2490; x_wconf 86' lang='lat' dir='ltr'>dein</span> <span class='ocrx_word' id='word_1_254' title='bbox 836 2452 929 2489; x_wconf 87' lang='lat' dir='ltr'>tota</span> <span class='ocrx_word' id='word_1_255' title='bbox 950 2448 1131 2488; x_wconf 81' lang='lat' dir='ltr'>invicem</span> <span class='ocrx_word' id='word_1_256' title='bbox 1152 2447 1292 2488; x_wconf 84' lang='lat' dir='ltr'>libera</span> <span class='ocrx_word' id='word_1_257' title='bbox 1313 2447 1606 2500; x_wconf 85' lang='lat' dir='ltr'>subsimplicia</span> 
     </span>
     <span class='ocr_line' id='line_1_35' title="bbox 187 2514 1605 2574; baseline -0.003 -13"><span class='ocrx_word' id='word_1_258' title='bbox 187 2533 318 2574; x_wconf 83' lang='lat' dir='ltr'>supra</span> <span class='ocrx_word' id='word_1_259' title='bbox 352 2518 541 2571; x_wconf 87' lang='lat' dir='ltr'>stipitem</span> <span class='ocrx_word' id='word_1_260' title='bbox 586 2521 758 2558; x_wconf 88' lang='lat' dir='ltr'>tenuem</span> <span class='ocrx_word' id='word_1_261' title='bbox 803 2516 1081 2558; x_wconf 86' lang='lat' dir='ltr'>articulatum</span> <span class='ocrx_word' id='word_1_262' title='bbox 1115 2514 1294 2565; x_wconf 76' lang='lat' dir='ltr'>clavata,</span> <span class='ocrx_word' id='word_1_263' title='bbox 1339 2515 1383 2555; x_wconf 87' lang='lat' dir='ltr'>in</span> <span class='ocrx_word' id='word_1_264' title='bbox 1422 2515 1605 2557; x_wconf 89' lang='lat' dir='ltr'>articulo</span> 
     </span>
     <span class='ocr_line' id='line_1_36' title="bbox 185 2582 1606 2640; baseline -0.004 -9"><span class='ocrx_word' id='word_1_265' title='bbox 185 2587 402 2631; x_wconf 89' lang='lat' dir='ltr'>terminali</span> <span class='ocrx_word' id='word_1_266' title='bbox 433 2586 662 2640; x_wconf 81' lang='lat' dir='ltr'>gemmidia</span> <span class='ocrx_word' id='word_1_267' title='bbox 698 2583 1105 2637; x_wconf 70' lang='lat' dir='ltr'>obovato-oblonga,</span> <span class='ocrx_word' id='word_1_268' title='bbox 1153 2582 1324 2624; x_wconf 85' lang='lat' dir='ltr'>demum</span> <span class='ocrx_word' id='word_1_269' title='bbox 1370 2583 1606 2625; x_wconf 84' lang='lat' dir='ltr'>rotundata</span> 
     </span>
     <span class='ocr_line' id='line_1_37' title="bbox 185 2652 1603 2707; baseline -0.004 -8"><span class='ocrx_word' id='word_1_270' title='bbox 185 2657 385 2700; x_wconf 85' lang='lat' dir='ltr'>foventia.</span> <span class='ocrx_word' id='word_1_271' title='bbox 431 2654 741 2707; x_wconf 71' lang='lat' dir='ltr'>Sphaerosporce</span> <span class='ocrx_word' id='word_1_272' title='bbox 772 2654 816 2694; x_wconf 85' lang='lat' dir='ltr'>in</span> <span class='ocrx_word' id='word_1_273' title='bbox 848 2653 1041 2706; x_wconf 83' lang='lat' dir='ltr'>apicibus</span> <span class='ocrx_word' id='word_1_274' title='bbox 1074 2655 1392 2705; x_wconf 85' lang='lat' dir='ltr'>segmentorum</span> <span class='ocrx_word' id='word_1_275' title='bbox 1423 2652 1603 2693; x_wconf 86' lang='lat' dir='ltr'>circum—</span> 
     </span>
     <span class='ocr_line' id='line_1_38' title="bbox 186 2720 1603 2778; baseline -0.004 -9"><span class='ocrx_word' id='word_1_276' title='bbox 186 2728 300 2769; x_wconf 86' lang='lat' dir='ltr'>circa</span> <span class='ocrx_word' id='word_1_277' title='bbox 330 2726 459 2767; x_wconf 87' lang='lat' dir='ltr'>dense</span> <span class='ocrx_word' id='word_1_278' title='bbox 480 2724 661 2777; x_wconf 73' lang='lat' dir='ltr'>stipatae,</span> <span class='ocrx_word' id='word_1_279' title='bbox 683 2723 892 2778; x_wconf 69' lang='lat' dir='ltr'>oblongae⁷</span> <span class='ocrx_word' id='word_1_280' title='bbox 916 2722 1103 2763; x_wconf 86' lang='lat' dir='ltr'>zonatim</span> <span class='ocrx_word' id='word_1_281' title='bbox 1126 2721 1283 2763; x_wconf 79' lang='lat' dir='ltr'>divisae.</span> <span class='ocrx_word' id='word_1_282' title='bbox 1314 2720 1475 2775; x_wconf 77' lang='lat' dir='ltr'>(Harv.</span> <span class='ocrx_word' id='word_1_283' title='bbox 1500 2721 1603 2764; x_wconf 80' lang='lat' dir='ltr'>Ner.</span> 
     </span>
    </p>
   </div>
   <div class='ocr_carea' id='block_1_8' title="bbox 186 2793 553 2848">
    <p class='ocr_par' dir='ltr' id='par_1_10' title="bbox 186 2793 553 2848">
     <span class='ocr_line' id='line_1_39' title="bbox 186 2793 553 2848; baseline -0.014 -9"><span class='ocrx_word' id='word_1_284' title='bbox 186 2799 320 2839; x_wconf 76' lang='lat' dir='ltr'>austr.</span> <span class='ocrx_word' id='word_1_285' title='bbox 352 2795 433 2837; x_wconf 78' lang='lat' dir='ltr'>tab.</span> <span class='ocrx_word' id='word_1_286' title='bbox 467 2793 553 2848; x_wconf 84' lang='lat'><strong>50).</strong></span> 
     </span>
    </p>
   </div>
  </div>
 </body>
</html>
