1757 3114
100 104 386 161 Ghylocladia.
754 107 992 150 CHAMPIEAE.
1377 160 1381 164 ,
1554 118 1632 160 295

98 219 276 270 LXVIII·
315 222 674 274 CHYLOCLADIA
710 233 836 277 ἄνευ.
880 247 1004 277 mser.
1049 236 1096 278 in
1141 236 1276 280 Hoolss.
1323 237 1404 280 Br.
1453 238 1548 289 Fc.,·
1585 240 1631 284 J.

211 299 293 354 Ay.
327 300 400 354 sp.
422 315 471 354 ρ.
503 302 597 344 360.
799 304 802 309 ·

98 405 234 447 Frons
265 406 546 448 teretiuscula
576 421 749 450 ramosa
779 406 992 459 tubulosa‚
1015 421 1130 449 nunc
1151 410 1368 452 stricturis
1389 410 1633 463 articulata,

209 473 293 515 filis
324 475 610 527 sparsissimis
642 475 884 517 articulatis
915 475 1069 518 tubum
1107 479 1480 530 percurrentibus3
1519 480 1633 533 peri-

207 542 383 596 pherico
419 547 558 585 strato
605 544 771 586 cellulis
816 544 1306 599 rotundato-angulatis,
1353 548 1633 591 interioribus

208 612 457 666 majoribus,
511 614 788 656 corticalibus
839 614 1015 656 minutis
1066 618 1276 658 contexto.
1353 616 1633 671 Cystocmpz'a

207 681 323 722 intra
354 682 644 735 pericarpium
679 687 916 731 externum,
949 683 1236 736 carpostomio
1281 686 1508 736 munitum,
1552 701 1631 727 nu-

208 748 346 790 cleum
378 750 611 804 oblongum
644 751 977 805 subsimplicem,
1010 751 1099 793 tela
1129 752 1432 805 arachnoidea,
1464 753 1547 795 filis
1568 758 1631 795 te-

207 818 424 860 nuissimis
455 819 717 861 reticulatim
739 820 1164 862 anastomosantibus
1186 823 1421 873 constante,
1445 822 1630 864 cinctum

207 886 411 938 foventia3
444 887 517 929 fila
547 889 865 942 gemmidiifera
894 903 920 930 a
942 889 1075 931 fundo
1097 889 1337 943 placentari
1364 891 1631 945 egredientia

206 955 439 998 articulata
470 960 511 998 et
542 958 801 1000 reticulatim
833 959 1216 1009 anastomosantia,
1262 959 1379 1000 intra
1424 960 1629 1003 articulos

206 1025 438 1067 exteriores
470 1026 703 1080 gemmidia
734 1026 922 1081 oblonga
961 1031 1037 1069 aut
1075 1027 1505 1082 obovato-angulata,
1539 1029 1629 1071 sine

204 1093 353 1135 ordine
393 1094 621 1148 conspicuo
669 1095 841 1136 demum
879 1096 1142 1150 conglobata
1173 1099 1215 1138 et
1247 1097 1373 1150 quasi
1404 1111 1528 1139 muco
1560 1112 1628 1139 co-

204 1161 355 1211 hibita,
388 1164 653 1216 generantia.
698 1164 1009 1217 Sphaerosporce
1041 1165 1085 1205 in
1117 1163 1298 1206 ramulis
1331 1164 1524 1207 dilatatis
1555 1166 1628 1208 dc-

202 1245 320 1272 mum
366 1236 627 1287 aggregatae,
672 1233 884 1276 immersae
930 1247 1099 1288 magnae
1146 1235 1368 1288 sphaericae
1412 1235 1628 1290 triangule

203 1299 362 1342 divisae.

202 1392 264 1434 De
296 1397 517 1436 structura
562 1397 703 1438 nuclei
749 1400 792 1438 et
839 1397 1049 1439 limitibus
1097 1397 1276 1439 Generis
1322 1396 1438 1438 haud
1485 1402 1627 1440 certus

89 1476 197 1504 sum.
258 1462 308 1503 In
338 1463 602 1518 Phycologia
633 1464 836 1514 Generali
867 1465 978 1520 (tab.
1012 1466 1085 1521 53)
1131 1465 1329 1520 analysin
1371 1467 1627 1520 cystocarpii
1656 1492 1659 1496 -

88 1530 208 1572 dedit
239 1531 440 1586 K'utzing
473 1546 560 1586 qua
590 1533 772 1576 ducente
794 1534 940 1576 Genus
971 1534 1027 1576 ad
1058 1534 1258 1576 viciniam
1281 1533 1625 1588 Sphaerococcoi-

86 1598 268 1641 dearum
300 1599 577 1642 referendum
608 1601 752 1653 fuisse,
786 1602 911 1644 facile
946 1602 1043 1656 quis
1077 1603 1285 1644 crederet.
1345 1602 1518 1645 Iteratis
1550 1603 1625 1645 ob—

87 1669 414 1720 servationibus,
448 1683 556 1724 quas
585 1662 733 1712 'tamen
764 1671 818 1712 ad
851 1672 989 1713 vivam
1020 1672 1214 1725 plantam
1244 1671 1395 1713 ultimo
1417 1672 1497 1713 1106
1518 1676 1625 1714 tem-

61 1751 191 1792 pore
237 1752 489 1792 comparare
536 1754 621 1781 non
666 1740 800 1793 potui,
849 1740 979 1781 aliam
1025 1745 1291 1782 structuram
1337 1739 1479 1782 nuclei
1524 1741 1622 1791 vidi,

86 1821 239 1861 nempe
285 1808 460 1861 qualem
505 1808 548 1849 in
579 1807 700 1862 Spec.
748 1809 841 1863 Alg.
874 1824 913 1862 p.
946 1810 1028 1850 360
1059 1813 1101 1850 et
1132 1810 1209 1850 361
1245 1808 1467 1862 descripsi.
1529 1809 1624 1850 Fila

86 1875 316 1917 reticulata
361 1876 561 1917 nucleum
592 1877 827 1919 ambientia
858 1878 901 1919 in
933 1877 1149 1919 nonnullis
1196 1876 1481 1931 Chylocladiae
1527 1891 1622 1929 spe-

85 1944 230 1987 ciebus
263 1944 432 1986 facilius
455 1949 596 1998 rupta,
620 1946 663 1986 in
685 1945 781 1987 aliis
814 1946 966 1988 melius
997 1946 1286 1999 persistentia,
1318 1959 1462 1987 veram
1484 1948 1620 1986 struc-

27 2028 29 2030 ·
82 2016 227 2054 turam
259 2014 448 2055 omnium
480 2014 663 2067 prodere
695 2015 854 2068 putavi.
916 2014 1194 2070 Cystocarpio
1225 2015 1267 2055 in
1300 2014 1365 2055 his
1398 2014 1619 2068 speciebus

82 2082 167 2135 (ex.
199 2096 262 2135 gr.
295 2080 415 2136 Chyl.
446 2082 684 2124 umbellata
714 2082 918 2139 aliisque)
955 2083 1153 2130 dissecto,
1192 2082 1391 2124 nucleum
1429 2083 1515 2124 vidi
1545 2082 1618 2124 fir-

83 2149 194 2191 mius
224 2149 522 2202 cohaerentem,
558 2151 613 2192 ad
652 2151 897 2205 placentam
936 2151 1129 2193 basalem
1159 2176 1214 2181 —-—
1244 2150 1325 2191 filis
1356 2150 1618 2193 firmioribus

82 2219 503 2260 anastomosantibus
549 2220 687 2273 ipsam
734 2221 1012 2262 constitutam
1044 2247 1097 2251 ——
1129 2219 1329 2267 adfixum,
1376 2219 1617 2273 gemmidiis

83 2286 352 2340 conglobatis
384 2286 584 2329 farctum.
628 2288 837 2330 Nuclenm
869 2289 1065 2330 articulis
1098 2287 1421 2342 geminidiiferis
1454 2287 1615 2329 conflu-

81 2355 253 2397 entibus
283 2355 455 2398 filorum
486 2360 904 2400 anastomosantium
948 2358 1140 2408 formari,
1184 2357 1250 2398 vix
1282 2357 1452 2407 dubito3
1493 2360 1616 2398 extra

80 2423 279 2465 nucleum
310 2424 385 2465 fila
429 2425 667 2467 conformia
715 2427 1086 2468 anastomosantia
1130 2425 1299 2475 adsunt,
1333 2428 1377 2465 at
1407 2439 1433 2465 a
1463 2425 1613 2467 nucleo

81 2491 379 2548 (plerumque)
411 2492 564 2545 soluta,
597 2498 639 2535 ct
670 2495 828 2536 sensim
860 2496 903 2536 in
936 2498 1119 2535 stratum
1164 2493 1345 2534 interius
1384 2493 1613 2546 pericarpii

81 2560 303 2610 abeuntia;
350 2561 639 2615 pericarpium
685 2563 831 2617 itaque
887 2562 1052 2604 cellulis
1105 2561 1523 2604 anastomosantibus
1568 2567 1613 2604 at

82 2629 216 2681 inagis
248 2628 558 2682 adproximatis
590 2629 834 2672 conflatum.
897 2630 1160 2671 Cellularum
1199 2631 1611 2671 anastomosantium

81 2697 259 2750 singulae
291 2702 565 2751 praegnantes
604 2700 837 2751 gemmidia
879 2700 1016 2753 plura,
1050 2702 1165 2739 arcte
1197 2698 1464 2751 conglobata,
1496 2699 1610 2741 intra

81 2766 377 2807 membranam
423 2781 631 2820 generare
676 2769 889 2817 videntur„
927 2773 976 2809 ut
1007 2783 1058 2809 ex
1091 2767 1333 2821 junioribus
1379 2767 1607 2821 adpareat3

81 2833 263 2876 nucleoli
302 2835 449 2891 itaque
487 2837 704 2879 numerosi
735 2838 778 2880 in
811 2836 1007 2879 nucleum
1053 2835 1310 2880 coalescunt:
1357 2836 1608 2890 cellulisque
