1762 3036
65 106 291 150 Prionites.
621 99 1018 143 CRYPTONEMIACEAE.
1516 98 1592 142 157

173 219 367 262 nucleum
399 216 661 270 adparenter
693 213 940 268 simplicem,
970 227 1103 266 supra
1124 216 1310 255 stratum
1331 212 1593 267 placentare,

172 288 253 329 filis
284 285 482 327 tenuibus
517 298 543 325 a
574 283 731 325 cellula
761 281 907 336 paullo
939 281 1100 335 majore
1133 282 1404 324 radiantibus
1437 283 1594 323 consti-

170 359 321 405 tutum,
355 352 546 394 adfixum
576 351 786 402 foventia3
820 349 996 391 nucleus
1019 363 1045 391 a
1071 350 1201 404 plexu
1231 350 1404 393 filorum
1434 351 1593 392 sensim

170 425 460 464 transmutato
506 425 639 471 ortus,
686 413 854 461 cellulis
891 418 1191 460 matricalibus
1230 419 1441 473 pluribus,
1474 423 1591 461 certo

173 491 321 532 ordine
344 491 413 531 vix
435 488 653 543 dispositis
675 486 933 537 coalescens,
955 486 1128 527 demum
1150 487 1382 541 gemmidia
1402 487 1592 541 plurima

169 559 334 600 minuta
366 555 843 610 rotundato-angulata,
877 555 1068 609 gelatina
1088 555 1304 598 ambiente
1329 556 1420 598 sine
1441 556 1590 598 ordine

168 627 396 681 conspicuo
427 627 618 669 cohibita
648 626 806 668 fovens.
868 623 1184 677 Sphoemsporoe
1215 626 1259 666 in
1289 625 1447 680 phyllis
1469 625 1591 680 glan-

168 696 331 738 dulisve
358 694 674 750 marginalibus
696 693 1007 748 provenientes,
1031 697 1169 735 strato
1191 693 1385 735 corticali
1407 694 1592 748 amplius

167 765 339 807 evoluto
369 765 596 814 immersae,
631 776 791 817 sparsae
823 761 1018 814 oblongae
1049 762 1274 804 cruciatim
1305 762 1464 805 divisae.

167 857 448 913 Cystocarpia
492 858 535 898 in
582 857 731 911 paucis
771 860 942 898 tantum
989 856 1211 909 speciebus
1258 856 1363 898 mihi
1409 857 1592 911 cognita,

55 940 185 980 quare
217 927 269 968 de
307 926 517 968 limitibus
563 925 744 967 Generis
791 925 923 967 dubia
972 929 1188 966 maneant.
1249 925 1299 966 In
1344 924 1591 973 fructiferis,

54 1009 149 1048 quae
181 995 278 1043 vidi,
318 995 518 1036 nucleum
563 994 617 1035 ad
664 999 814 1048 typum
861 993 1154 1048 Grateloupiae
1187 998 1230 1036 et
1260 993 1461 1049 Polyopis
1492 1009 1584 1036 con-

55 1064 214 1105 fectum
246 1063 390 1105 videre
422 1062 598 1104 credidi.
640 1062 836 1104 Stratum
867 1062 1236 1104 circumnucleare
1266 1063 1491 1116 proprium
1522 1064 1591 1105 vix

53 1133 186 1181 adest,
241 1132 315 1173 sed
370 1131 545 1173 nucleus
599 1131 723 1184 quasi
769 1131 935 1172 ambitu
980 1131 1150 1173 lacerus
1195 1131 1353 1185 saepius
1398 1132 1590 1183 obvenit;

52 1201 238 1243 sectione
269 1206 413 1243 tamen
445 1200 628 1242 feliciter
660 1200 774 1242 facta
804 1201 1006 1242 cellulam
1038 1201 1258 1255 quandam
1296 1201 1591 1255 placentarem

52 1284 148 1311 cum
178 1270 393 1324 adparatu
424 1270 594 1311 filorum
642 1269 905 1311 radiantium
952 1269 1095 1311 videre
1141 1269 1253 1321 licet,
1298 1284 1430 1324 supra
1460 1285 1592 1325 quam

51 1337 228 1380 nucleus
245 1342 538 1380 maturescens
555 1337 744 1379 nidulari
762 1337 952 1384 videtur:
975 1337 1050 1379 fila
1066 1352 1165 1379 vero
1184 1337 1591 1380 circum-nuclearia

50 1420 204 1460 parum
236 1406 505 1460 prolongata,
538 1406 651 1447 unde
682 1406 859 1448 nucleus
891 1421 1077 1460 superne
1106 1407 1258 1448 iisdem
1290 1407 1359 1448 vix
1390 1407 1589 1462 cingitur.

50 1475 147 1529 Ipse
177 1476 355 1517 nucleus
377 1475 553 1532 >ambitu
598 1489 753 1528 parum
798 1475 1013 1525 definitus,
1048 1475 1169 1527 lobis‚
1201 1479 1250 1517 ut
1280 1475 1461 1527 videtur,
1495 1490 1590 1518 sen-

51 1545 131 1586 sim
162 1544 500 1586 coalescentibus
534 1545 772 1586 numerosis
805 1549 943 1592 ortus3
979 1545 1100 1587 lobos
1132 1559 1158 1586 a
1189 1544 1355 1586 cellulis
1386 1546 1589 1587 matrica-

48 1613 160 1655 libus
206 1613 364 1655 sensim
410 1613 653 1661 subdivisis,
700 1613 897 1666 partibus
929 1614 970 1655 in
1003 1613 1244 1667 gemmidia
1278 1617 1320 1655 et
1350 1614 1589 1667 parietibus

49 1682 94 1722 in
124 1681 361 1735 gelatinam
400 1681 671 1732 abeuntibus,
709 1682 964 1723 constitutos
1003 1685 1214 1735 putarem.
1275 1680 1466 1724 Cellulas
1499 1697 1589 1724 ma-

50 1749 224 1791 tricales
257 1764 508 1791 numerosas
540 1749 670 1803 paulo
703 1750 886 1804 majores
918 1750 1134 1801 indivisas,
1174 1750 1367 1804 aliasque
1398 1751 1442 1792 in
1472 1765 1588 1805 gem-

51 1819 184 1861 midia
215 1819 382 1860 minora
413 1819 616 1872 dilapsas,
649 1823 855 1872 utrasque
888 1833 998 1861 nunc
1024 1819 1336 1874 juxta-positas
1374 1820 1418 1861 in
1450 1824 1588 1874 cysto-

51 1888 210 1941 oarpiis
243 1887 556 1941 adproximatis
588 1887 687 1929 vidi.

50 2013 82 2056 Ι.
114 2014 382 2056 Enpfflomss
405 2015 567 2068 fronde
587 2014 694 2067 plus
725 2015 868 2057 omnus
900 2015 1027 2058 dense
1059 2015 1294 2058 dichotoma
1325 2021 1400 2058 aut
1421 2017 1586 2059 demmn

27 2077 30 2079 ’
153 2081 319 2135 phyllis
350 2080 664 2135 wesaryinalibus
696 2084 954 2136 adpetis-eozter
975 2085 1193 2137 pinnata;
1229 2079 1451 2139 fructibus
1495 2100 1587 2139 seq-

161 2154 300 2193 menta
333 2150 578 2193 tcm‘nz'ualia
611 2155 686 2193 aut
707 2151 861 2205 phyllon
893 2153 1157 2205 oveam‘e'nalia
1189 2154 1504 2207 occupantibus.

106 2255 125 2276 “²⁵
160 2255 329 2297 Fronde
361 2255 626 2298 dichotomiis
656 2256 975 2309 adprooeimatis
1005 2257 1255 2313 evidentz’usns
1271 2256 1523 2299 dichotowo-

413 2324 709 2377 decomposita,
729 2324 1220 2379 flabellato-fastvffl‘ata.

51 2419 87 2458 1.
120 2417 191 2459 PR.
224 2430 479 2458 MICROCARPA
509 2416 577 2472 (C.
609 2417 691 2471 Ay.
728 2417 800 2471 Sp.
826 2432 871 2471 p.
895 2418 998 2473 255)
1020 2417 1173 2459 fronde
1194 2417 1360 2459 inferne
1386 2417 1585 2459 teretius-

162 2486 259 2528 cula
290 2499 473 2539 superne
510 2500 756 2540 compressa
796 2486 1084 2528 crassiuscula
1113 2490 1296 2538 anguste
1327 2485 1481 2526 lineari
1512 2486 1585 2527 de-

160 2555 665 2609 composito-dichotoma
685 2555 1164 2610 fiabellato-fastigiata,
1188 2555 1418 2608 segmentis
1435 2559 1584 2608 paten-

161 2626 275 2667 tibus
306 2624 522 2679 (margine
543 2624 691 2680 nudis)
713 2624 1014 2666 terminalibus
1046 2623 1336 2665 conformibus
1368 2623 1584 2664 obtusius-

161 2693 282 2745 culis‚
314 2693 593 2746 cystocarpiis
631 2696 855 2747 segmenta
898 2692 1124 2745 superiora
1168 2691 1489 2745 occupantibus.
1537 2692 1583 2734 J.

162 2761 243 2815 Ay.
278 2760 350 2813 Sp.
375 2774 422 2813 p.
456 2761 547 2802 187.

161 2829 270 2871 Hab.
302 2828 357 2870 ad
389 2828 492 2870 Nov.
524 2828 797 2872 Hollandiam
830 2829 1138 2871 occidentalem
1169 2832 1212 2870 et
1241 2828 1488 2872 australem.
