1757 3114
63 175 337 218 Galaxaura.
604 171 1105 215 HELMINTHOGLADIACEAE.
1515 172 1594 211 529

63 289 104 342 b)
134 289 266 330 ramis
298 287 535 329 evidentius
575 285 814 350 annulatim
850 283 1103 325 constrictis.
1137 282 1188 324 G.
1220 282 1428 326 annulata
1465 284 1593 326 Kv'itz‘.

176 357 259 399 tab.
294 355 422 409 Phgyc.
467 355 553 398 Vol.
599 354 726 397 VIII
752 354 834 395 tab.
866 353 930 393 32.

63 440 105 493 c)
135 437 267 478 ramis
298 436 439 478 minus
470 436 644 489 patulis,
677 433 845 476 annulis
877 432 1109 473 admodum
1147 433 1397 487 conspicuis.
1430 432 1483 475 G.
1505 434 1595 486 pli-

176 509 272 547 cata
305 505 433 546 Kritz.
465 504 547 561 ζυῖ).
584 503 711 557 Phye.
754 501 840 543 Vol.
885 500 1014 542 VIII
1039 501 1120 542 tab.
1155 502 1218 543 33.

225 573 334 615 Hab.
367 573 411 613 in
443 586 600 614 oceano
632 569 835 612 calidiore
867 569 1089 620 atlantico;
1122 583 1197 611 nec
1229 584 1315 611 non
1347 572 1391 612 in
1420 571 1597 625 pacifico

330 644 372 681 et
402 640 570 682 indico?

155 709 287 743 Plures
315 721 424 753 quam
451 709 506 743 fas
532 708 604 742 fuit
622 708 776 753 *species
802 707 872 742 hoc
898 718 1046 751 quoque
1072 707 1153 741 1000
1180 708 1383 743 distinctas
1403 709 1518 744 fuisse
1539 721 1598 744 su-

67 765 203 810 spicor.
240 766 456 810 Specimina
472 766 511 799 in
530 765 657 800 icones
678 776 791 809 supra
808 763 942 798 citatas
963 763 1237 808 Kiitzingianas
1257 766 1353 799 bene
1373 766 1600 810 quadrantia

66 833 190 857 coram
216 822 352 867 habeo,
378 834 462 867 quae
490 822 535 856 ad
562 822 720 856 eandem
747 821 909 866 speciem
936 820 1139 855 referenda
1164 822 1256 855 mihi
1284 823 1474 858 videntur.
1510 823 1599 868 Spe-

67 878 206 913 cimina
232 879 303 913 alia
332 891 377 913 ex
403 890 542 913 oceano
568 878 737 923 pacifico,
764 889 847 922 quae
883 881 1011 912 tamen
1038 878 1238 913 admodum
1266 879 1510 925 incompleta,
1537 880 1600 915 vix

66 935 217 969 diversa
254 936 347 970 mihi
384 935 602 971 obveniunt.
651 936 710 969 An
736 937 780 970 ab
806 935 864 969 his
892 935 1043 969 differat
1069 935 1112 970 G.
1152 937 1332 971 annulata
1357 937 1534 972 Lamour.
1562 941 1600 972 et

66 992 226 1026 Dccsne.
254 1004 364 1036 quam
400 993 520 1037 magis
559 994 605 1027 ob
624 993 746 1026 locum
773 992 937 1026 natalem
968 991 1161 1026 diversum
1194 994 1256 1037 (cx
1287 993 1396 1027 India
1422 994 1601 1028 orientali

66 1059 128 1082 sec
154 1049 333 1089 Lemour;
371 1061 417 1083 ex
454 1049 589 1083 insulis
627 1048 811 1092 Mam-itii,
850 1048 989 1083 Rawak
1016 1051 1054 1082 et
1081 1048 1295 1093 Sandwich,
1334 1061 1407 1084 sec.
1435 1050 1600 1094 Decsne)

66 1105 287 1140 distinctam
319 1106 434 1141 fnisse
462 1106 638 1141 crederes
679 1105 978 1149 (characteribus
1007 1107 1105 1150 apud
1131 1110 1333 1151 utrumque
1372 1119 1505 1152 parum
1543 1107 1599 1141 di-

71 1163 209 1209 versis)
237 1163 381 1199 dubito.

65 1245 102 1284 7.
136 1244 184 1286 G.
217 1258 429 1286 ELONGATA
460 1244 523 1295 (J.
556 1244 636 1297 Ay.
669 1246 813 1299 mser.)
844 1244 971 1295 elata,
993 1244 1144 1286 fronde
1165 1244 1331 1287 inferne
1353 1246 1599 1289 brevissime

176 1312 304 1361 hirta,
337 1313 584 1367 subjacente
616 1314 867 1355 membrana
898 1314 1054 1354 sensim
1076 1314 1315 1356 incrustata
1337 1318 1379 1356 et
1400 1315 1601 1369 glabrata

160 1382 348 1423 demum
380 1382 690 1433 subfa-rinacea7
714 1397 896 1437 superne
929 1384 1255 1426 membranacea
1286 1385 1498 1438 glabiata,
1531 1400 1601 1427 ra-

177 1451 257 1491 mis
288 1451 629 1504 subregulariter
660 1452 913 1494 dichotomis
945 1453 1249 1496 erectiusculis.
1273 1453 1325 1494 ad
1350 1454 1496 1496 basem
1529 1455 1601 1496 de-

176 1533 293 1559 mum
323 1519 390 1560 vix
421 1520 646 1573 conspicue
692 1519 862 1574 plicatis
907 1521 1211 1571 articulatisve,
1258 1523 1501 1564 interstitiis
1531 1537 1601 1565 ra-

176 1603 343 1630 morum
376 1590 586 1631 diametro
618 1590 815 1644 multiplo
846 1591 1124 1645 longioribus,
1147 1592 1279 1633 ramis
1314 1592 1602 1635 adultioribus

178 1658 400 1711 superficie
432 1659 740 1712 subcontiguis‚
786 1659 1047 1713 juvenilibus
1094 1660 1319 1702 obscurius
1373 1660 1600 1712 annulatis,

176 1726 477 1768 terminalibus
509 1727 822 1769 collabentibus
853 1728 1050 1781 planatis.
1099 1728 1199 1770 Gal.
1238 1729 1431 1782 ramosa?
1463 1729 1601 1771 Harv.

177 1796 222 1837 in
258 1795 446 1837 Friendl.
481 1796 560 1837 [sl.
593 1794 716 1849 Azyoe
737 1810 806 1838 wo
829 1798 893 1837 49.
919 1797 1044 1839 Soml.
1069 1797 1165 1849 Αἶα.
1189 1801 1293 1850 trop.
1316 1801 1452 1840 ατιεΐγ.
1465 1812 1513 1852 p.
1536 1800 1600 1840 ⁴29.

178 1864 288 1906 Hab.
320 1865 364 1905 in
395 1878 553 1906 oceano
584 1866 761 1919 pacifico
794 1866 848 1907 ad
881 1866 913 1906 F
917 1867 1083 1921 riendly
1122 1867 1290 1908 Islands
1323 1872 1365 1908 et
1395 1868 1451 1910 ad
1483 1882 1603 1910 oram

331 1932 459 1974 Novae
491 1933 733 1975 Hollandiae
764 1935 1205 1977 boreali-orientalem
1238 1936 1468 1992 (Kilnerl).

157 2012 322 2047 Maxima
347 2013 522 2056 Generis,
550 2015 637 2048 3—ss
663 2014 856 2058 pollicaris
884 2017 923 2049 et
947 2027 1111 2060 pennam
1139 2016 1332 2051 corvinam
1358 2015 1436 2050 fere
1463 2028 1603 2051 crassa.

68 2070 238 2105 Frondes
266 2082 286 2104 a
310 2071 406 2105 callo
424 2070 582 2104 radicali
600 2083 810 2106 numerosae
830 2071 1082 2116 cylindraceae
1102 2072 1345 2116 dichotomae,
1364 2072 1605 2108 dichotomiis

69 2126 314 2171 distantibus,
334 2138 446 2171 supra
464 2127 597 2161 axillas
617 2128 870 2163 acutiusculas
898 2129 1162 2164 erectiusculae
1194 2129 1420 2175 fastigiatae3
1458 2130 1604 2165 inferne

69 2187 226 2228 teretes,
246 2195 408 2228 superne
427 2185 661 2219 collabentes
690 2188 728 2220 et
754 2187 932 2230 planatae,
959 2187 1042 2232 ipso
1068 2187 1174 2231 apice
1199 2186 1439 2222 increscente
1460 2189 1606 2223 subma-

70 2241 362 2276 millzeformiter
396 2243 623 2287 prominulo,
662 2243 849 2278 adultior-e
888 2247 1087 2278 truncatae.
1137 2244 1338 2278 Inferiores
1366 2247 1493 2289 partes
1521 2247 1605 2279 sul)-

71 2299 249 2333 continuo
288 2301 407 2333 strato
445 2311 544 2344 saepe
582 2301 850 2344 pubescentes,
890 2301 1106 2345 superiores
1134 2302 1343 2346 -glabratae.
1406 2301 1603 2336 Stricturae

71 2356 261 2401 praecipue
288 2356 326 2389 in
352 2356 525 2400 partibus
566 2358 750 2401 supremis
790 2358 1067 2393 collabentibus
1095 2361 1133 2392 et
1158 2359 1277 2402 magis
1306 2358 1604 2392 membranaceis

71 2413 295 2458 conspicuae,
322 2413 377 2447 ita
402 2413 529 2447 densae
557 2417 597 2448 ut
624 2417 702 2448 tres
729 2414 769 2448 in
795 2418 903 2459 parte
922 2415 1148 2449 diametrum
1168 2415 1409 2459 longitudine
1431 2418 1605 2459 aequante

71 2471 150 2505 fere
177 2470 472 2516 conspiciantur.

162 2527 297 2561 Utrum
322 2527 419 2560 hanc
445 2527 608 2571 speciem
634 2540 716 2562 cum
743 2529 785 2562 G.
812 2529 991 2562 annulata
1016 2528 1221 2562 identicam
1240 2539 1287 2562 an
1305 2529 1495 2563 diversam
1520 2540 1607 2563 con-

73 2585 294 2628 siderarem,
327 2584 510 2619 dubitavi.
560 2585 795 2620 Lamouroux
823 2597 898 2619 suae
926 2585 1228 2631 magnitudinem
1265 2587 1353 2619 5-6
1391 2585 1606 2620 centimetr.

72 2643 225 2685 tribuit;
251 2642 449 2686 Decaisne,
477 2642 539 2686 qui
567 2644 772 2687 specimina
797 2643 1063 2678 Lamourouxii
1089 2642 1231 2677 vidisse
1265 2643 1431 2687 videtur,
1462 2643 1590 2689 magni

74 2699 245 2733 tudinem
271 2700 359 2733 2—3
397 2699 612 2733 centimetr.
648 2700 690 2735 G.
717 2701 907 2734 annulatae
947 2699 1055 2734 dixit.
1106 2699 1212 2743 Quod
1238 2699 1269 2733 si
1295 2711 1440 2745 verum,
1476 2703 1608 2735 nostra

76 2768 164 2792 sane
189 2758 309 2792 multo
334 2757 466 2801 major,
493 2761 530 2791 et
557 2757 588 2791 si
614 2758 704 2801 quid
730 2759 840 2794 video
866 2759 961 2793 bene
988 2757 1152 2792 diversa.

75 2839 162 2860 *Μ*
197 2839 526 2881 DionoronAfflA.
576 2840 716 2883 Frons
752 2844 837 2883 tota
882 2841 1036 2882 villosa
1081 2840 1318 2894 subjacente
1363 2840 1607 2884 membrana

190 2922 284 2951 mose
314 2910 563 2951 incrustata.
586 2910 735 2950 rarius
752 2910 966 2961 qlabrm‘a,
992 2910 1156 2951 demum
1178 2910 1499 2964 sulffmv'mwea,
1520 2913 1605 2952 tota

1432 2978 1476 3012 34
