1757 3114
109 133 190 174 244
675 131 1059 174 NnnarosPERMnAE.

221 246 403 288 vissimis
435 246 691 297 constitutis,
725 259 838 299 saepe
869 259 978 300 vage
1025 247 1232 296 curvatis3
1264 246 1646 287 maturescentium

223 313 414 355 articulis
446 313 797 355 transversaliter
829 312 1026 354 dilatatis
1059 317 1101 354 et
1132 313 1372 365 subdivisis,
1397 313 1569 354 demum
1601 314 1644 353 in

224 383 421 424 nucleum
452 383 747 433 rotundatum,
780 383 896 423 intra
929 382 1165 435 gelatinam
1187 383 1420 435 gemmidia
1440 382 1647 435 pauciora

222 451 464 505 majuscula
494 451 707 493 foventem
737 450 1089 492 coalescentibus.

200 531 397 575 Ordinum,
425 531 488 575 qui
515 531 600 566 huic
628 531 814 566 subseriei
841 530 1076 574 referuntur,
1102 542 1198 564 unus
1223 530 1358 565 fronde
1385 529 1646 565 Callithamni-

109 600 170 622 eas
198 592 262 623 aut
285 589 551 635 Wrangelieas
589 589 779 624 referente
818 589 997 634 insignis,
1035 589 1132 623 alter
1168 588 1302 624 fronde
1339 589 1519 624 continua
1542 588 1646 622 intus

109 647 286 680 tubulosa
311 648 375 680 aut
401 646 522 681 farcta
548 646 836 691 Cryptonemeis
874 646 1076 691 analogus3
1114 648 1274 689 uterque
1301 646 1346 680 ab
1372 645 1568 680 ordinibus
1593 645 1649 679 ita

109 703 338 747 comparatis
371 704 600 738 evolutionis
639 715 771 738 norma
807 703 1131 747 cystocarpiorum
1169 703 1356 737 diversus.
1405 703 1570 737 Nucleus
1608 701 1648 735 in

111 759 315 794 Ceramieis
344 763 382 794 et
410 760 699 805 Cryptonemcis
719 772 739 793 a
757 760 896 794 cellula
917 759 1107 794 matricali
1128 759 1279 805 singula
1297 763 1361 793 aut
1377 760 1507 804 paucis
1521 759 1648 803 juxta-

108 817 258 860 positis,
285 817 388 851 intra
413 818 670 853 membranam
708 820 905 851 externam
945 817 1150 851 subdivisis
1183 820 1220 850 et
1246 816 1450 862 gemmidia
1484 816 1649 861 plurima

108 873 397 918 generantibus,
425 874 531 917 quasi
562 873 781 908 immediate
819 877 857 907 et
883 874 986 908 nullo
1023 874 1226 918 interjecto
1265 873 1387 909 stadio
1424 874 1648 908 transitorio

108 930 263 964 formari
289 930 454 965 videtur.
503 931 546 964 In
572 931 855 975 Dudresnayeis
882 931 988 964 velut
1012 931 1052 964 in
1077 930 1362 965 Dumontiaceis
1387 930 1550 976 primum
1576 931 1651 965 ori-

109 990 226 1021 untur
252 986 316 1021 fila
340 987 543 1032 peculiaris
570 988 725 1031 indolis,
753 999 911 1031 quorum
949 987 1285 1021 transformatione
1316 987 1499 1022 ulteriore
1524 986 1650 1021 nuclei

112 1044 300 1078 oriuntur.
350 1045 442 1079 Haec
467 1045 531 1079 fila
556 1046 728 1079 articulis
755 1045 993 1080 brevissimis
1020 1045 1243 1089 constituta,
1272 1044 1482 1090 saepissime
1500 1044 1649 1080 monili-

107 1101 255 1146 formia‚
282 1114 383 1136 nunc
409 1102 585 1138 breviora
621 1102 866 1146 rectiuscula,
906 1114 1006 1136 nunc
1044 1103 1223 1148 elongata
1249 1106 1286 1136 et
1313 1114 1414 1147 saepe
1447 1114 1541 1148 vage
1568 1114 1650 1136 cur-

109 1163 209 1205 vata,
242 1161 425 1206 adspectu
461 1161 615 1206 proprio
652 1161 729 1195 fere
768 1160 1001 1196 vermiformi
1040 1172 1140 1205 saepe
1178 1160 1356 1205 insignia.
1406 1161 1449 1194 In
1475 1160 1648 1205 plurimis

109 1217 190 1256 haec
217 1219 263 1252 ad
288 1218 351 1252 fila
378 1219 526 1253 sterilia
551 1218 687 1261 adfixa,
714 1218 755 1251 in
780 1217 865 1251 aliis
898 1218 1048 1252 demum
1085 1217 1163 1251 fere
1201 1217 1322 1253 libera
1357 1217 1451 1251 mihi
1489 1217 1649 1262 adparu-

97 1279 233 1310 erunt.
282 1277 315 1310 A
340 1277 485 1311 ramulo
512 1276 634 1310 sterili
663 1275 843 1320 (filorum)
870 1275 1038 1319 vulgaris
1077 1274 1221 1318 formae,
1260 1274 1291 1308 si
1329 1277 1435 1308 recte
1473 1274 1648 1316 viderim,

109 1333 301 1367 oriuntur:
331 1333 484 1367 articuli
509 1333 645 1367 ramuli
673 1333 817 1366 sterilis
845 1343 945 1377 saepe
973 1331 1157 1377 elongati,
1183 1331 1388 1366 incrassati
1407 1334 1446 1365 et
1465 1333 1647 1365 contentu

109 1389 230 1435 magis
258 1402 436 1435 grumoso
464 1389 606 1424 sensim
633 1389 794 1424 collecto
820 1388 989 1433 praediti,
1017 1388 1188 1422 articulis
1225 1389 1398 1433 pluribus
1439 1387 1549 1422 simul
1575 1387 1647 1422 for-

108 1448 220 1482 matis
247 1447 485 1482 brevissimis
514 1446 824 1482 subdividuntur.
858 1446 1024 1480 Articuli
1049 1445 1137 1480 novi
1163 1446 1232 1480 hoc
1250 1446 1360 1480 modo
1378 1445 1529 1481 formati
1549 1444 1647 1478 serie

107 1505 191 1549 plus
218 1504 343 1539 minus
370 1505 549 1550 elongata
573 1504 677 1538 intra
701 1505 959 1538 membranam
996 1503 1188 1547 hyalinam
1227 1502 1404 1548 dispositi
1442 1503 1646 1547 adparent3

107 1565 196 1596 sunt
222 1562 360 1607 saepius
379 1561 575 1596 rotundati
593 1564 631 1595 et
649 1560 943 1595 endochromate
963 1560 1151 1595 intensius
1171 1560 1338 1595 colorato
1356 1559 1526 1604 praediti,
1545 1559 1646 1593 unde

107 1619 171 1652 fila
197 1630 298 1663 saepe
326 1618 463 1653 eximie
489 1617 759 1652 moniliformia
785 1618 984 1662 adparent.
1034 1618 1077 1651 In
1103 1617 1173 1651 hoc
1201 1617 1323 1651 stadio
1343 1616 1566 1651 transitoria
1583 1616 1647 1650 fila

106 1675 153 1709 iis
181 1676 341 1721 analoga
367 1675 474 1718 finxi,
501 1687 584 1719 quae
611 1674 650 1708 in
677 1674 1024 1719 Nematospermeis
1052 1674 1313 1719 capsularibus
1340 1674 1503 1720 primum
1521 1673 1645 1708 oriun-

106 1736 183 1777 tur,
210 1744 369 1777 quaeque
408 1732 549 1766 sensim
587 1731 860 1766 transformata
895 1731 934 1765 in
973 1732 1128 1766 nucleos
1157 1735 1221 1766 aut
1257 1733 1451 1766 nucleolos
1491 1732 1643 1766 abeunt.

107 1789 192 1824 Fila
217 1793 343 1824 autem
369 1790 451 1824 haec
476 1789 515 1823 in
541 1788 891 1833 Nematospermeis
919 1788 1179 1833 capsularibus
1207 1790 1251 1824 ab
1283 1789 1466 1834 adparata
1494 1787 1646 1831 placen-

108 1847 183 1880 tari
209 1846 364 1891 proprio
389 1846 635 1891 proveniunt,
663 1857 812 1880 sursum
838 1848 902 1880 aut
928 1857 1230 1889 quoquoversum
1257 1845 1421 1890 plurima
1444 1844 1646 1888 radiantia,

109 1903 326 1937 dichotoma
351 1906 415 1937 aut
439 1902 688 1947 paniculatim
714 1914 876 1946 ramosa,
902 1902 1067 1946 plurima
1092 1902 1295 1946 conjuncta
1319 1902 1496 1936 nucleum
1521 1901 1561 1935 in
1586 1901 1645 1935 his

110 1960 326 1995 formantia.
377 1960 421 1993 In
447 1959 731 1994 Dumontiaceis
759 1963 797 1994 et
834 1959 1116 2003 Dudrcsnayeis
1155 1959 1236 1993 sine
1274 1959 1456 2004 adparatu
1492 1957 1646 2003 proprio

107 2017 321 2062 placentari
346 2017 578 2062 proveniunt
604 2016 767 2062 singula,
798 2028 898 2051 nunc
928 2020 1056 2051 tamen
1092 2028 1210 2061 pauca
1246 2017 1521 2062 adproximata,
1561 2016 1647 2050 sim-

107 2075 223 2120 plicia
249 2078 313 2109 aut
337 2086 470 2119 parum
495 2086 656 2118 ramosa,
684 2074 835 2119 singula
861 2077 925 2109 aut
950 2086 1069 2119 pauca
1099 2074 1137 2108 in
1178 2075 1353 2108 nucleum
1390 2074 1646 2109 conniventia.

107 2132 193 2177 Ipse
219 2143 366 2176 quoque
391 2131 627 2166 formationis
654 2131 786 2165 modus
813 2131 940 2165 nuclei
967 2130 1159 2173 diversus:
1189 2131 1341 2166 articuli
1368 2131 1547 2166 nimirum
1564 2130 1646 2175 filo-

108 2201 204 2233 rum,
232 2188 296 2233 qui
320 2188 432 2223 initio
458 2188 654 2223 rotundati
682 2188 820 2232 saepius
839 2188 1063 2231 obveniunt,
1085 2188 1227 2222 sensim
1245 2188 1448 2223 incrassati
1468 2192 1506 2223 et
1523 2191 1646 2222 trans-

109 2246 249 2281 versali
273 2244 487 2280 directione
514 2245 746 2289 prolongati,
785 2245 920 2279 mediis
959 2244 1013 2278 fili
1051 2257 1150 2279 nunc
1179 2248 1217 2279 et
1243 2245 1380 2290 saepius
1409 2248 1450 2278 ut
1473 2248 1647 2289 putarem

110 2302 416 2347 praecocioribus.
451 2302 615 2336 Articuli
642 2302 713 2336 hoc
737 2302 848 2336 modo
874 2303 1189 2336 transversaliter
1214 2302 1443 2347 ellipsoidei,
1470 2306 1534 2336 aut
1558 2302 1646 2336 hinc

111 2360 320 2395 crassiores
348 2363 386 2394 et
412 2359 527 2402 ovati,
554 2358 906 2404 diaphragmatibus
940 2359 1102 2403 obliquis
1129 2371 1150 2393 a
1174 2359 1357 2404 proximis
1385 2359 1565 2404 separati,
1591 2358 1645 2392 di-

110 2418 254 2452 visione
279 2417 442 2462 primum
469 2415 643 2451 verticali
670 2416 808 2460 (quoad
835 2416 1085 2451 directionem
1112 2416 1198 2460 fili),
1225 2417 1313 2450 dein
1338 2416 1510 2461 pluribus
1542 2416 1646 2450 varia

110 2474 321 2509 directione
347 2473 637 2517 insequentibus
665 2472 863 2516 subdivisi‚
882 2473 921 2506 in
938 2473 1137 2508 fasciculos
1157 2474 1324 2508 minutos
1343 2472 1645 2518 gemmidiorum‚

110 2535 219 2566 extra
246 2531 384 2566 seriem
411 2532 656 2566 articulorum
683 2534 925 2574 erumpentes
952 2534 1240 2565 convertuntur.
1289 2531 1358 2565 His
1382 2530 1644 2575 eruptionibus

110 2589 211 2624 varia
241 2589 452 2624 directione
480 2600 500 2622 a
525 2588 687 2622 diversis
714 2587 884 2622 articulis
912 2588 1202 2632 insequentibus
1229 2589 1351 2633 ipsum
1379 2587 1483 2622 filum
1506 2588 1547 2622 in
1565 2589 1644 2633 glo-

110 2647 297 2681 merulum
322 2646 613 2692 gemmidiorum
638 2645 888 2680 convertitur.
938 2646 1059 2679 Extra
1084 2647 1336 2691 glomerulum
1359 2657 1458 2679 nunc
1478 2656 1573 2689 apex
1590 2645 1645 2679 fili

111 2703 348 2748 praegnantis
375 2702 566 2747 prominet
604 2702 866 2746 (Dudresnaya
903 2702 1095 2747 coccinea)
1134 2703 1301 2737 nondum
1339 2702 1644 2745 transformatus,

113 2772 211 2793 nunc
237 2759 389 2794 articuli
414 2758 614 2793 inferiores
641 2758 823 2802 pedicelli
849 2759 895 2793 ad
919 2759 1043 2793 instar
1079 2760 1255 2793 nucleum
1293 2758 1520 2793 sustinentis
1558 2770 1644 2792 con-

112 2816 249 2859 spicui3
277 2828 376 2850 nunc
403 2817 579 2849 nucleum
618 2815 783 2859 undiquc
821 2815 981 2850 liberum
1019 2816 1120 2849 inter
1146 2815 1210 2849 fila
1236 2814 1382 2849 sterilia
1407 2813 1642 2849 nidulantem

112 2872 241 2907 videre
266 2872 426 2907 credidi.
476 2873 559 2906 Fila
584 2874 758 2908 nucleum
787 2871 989 2906 formantia.
1018 2884 1118 2906 nunc
1145 2872 1296 2917 singula
1321 2871 1518 2917 adparent,
1545 2883 1643 2906 nuuc
