1757 3114
109 135 189 176 308
682 134 1065 176 RHODYMENIACEAE.

107 262 252 291 ramos
285 249 441 302 saepius
471 249 751 302 praecociores
791 248 877 289 vidi
908 251 950 289 et
980 249 1221 301 gemmidiis
1259 251 1441 292 maturis
1479 250 1645 293 intense

106 317 524 371 purpurascentibus
555 317 801 369 instructos,
835 317 937 357 dum
968 316 1036 357 hic
1075 316 1163 358 illic
1197 318 1422 361 inferiores
1468 319 1645 373 quidam

107 386 279 438 adsunt,
313 386 454 427 colore
485 385 714 427 lutescenti
745 385 1036 439 dignoscendi,
1075 385 1157 427 filis
1189 388 1431 430 articulatis
1462 389 1644 430 ramosis

107 455 250 496 adhuc
282 455 516 496 constituti.
578 454 757 496 Effoetis
787 454 897 496 lobis
928 454 1110 495 maturis
1142 456 1458 513 superioribus,
1477 457 1644 511 juveni-

104 523 167 565 les
198 523 426 565 inferiores
459 537 703 565 accrescere
742 523 947 576 suspicor.
1008 521 1250 564 Gemmidia
1289 524 1333 565 in
1362 524 1471 566 lobis
1503 528 1643 566 matu-

104 592 165 633 ris
198 593 289 633 sine
321 592 472 634 ordine
503 593 731 645 conspicuo
777 591 983 644 pauciora
1027 595 1104 632 aut
1147 592 1335 645 plurima
1372 593 1641 648 conglobata,

103 660 222 701 intra
251 660 552 701 membranam
583 660 855 702 cohibentem
887 662 1080 712 excepta,
1112 663 1189 701 aut
1218 661 1473 703 membrana
1518 662 1642 716 quasi

105 728 247 770 soluta
277 728 321 768 in
351 741 474 769 muco
506 727 762 778 nidulantia.

216 797 267 838 In
297 798 444 839 vicinis
476 798 710 840 Ordinibus
741 797 814 838 fila
845 797 1160 849 gemmidiifera
1192 802 1292 839 sunt
1323 802 1399 840 aut
1424 802 1517 841 tota
1537 799 1640 840 reti-

103 865 280 907 culatim
313 866 694 914 anastomosantia,
727 870 803 906 aut
835 865 1072 907 evidentius
1110 867 1354 908 dichotoma
1385 872 1427 909 et
1456 867 1640 909 fascicu-

101 934 456 988 lato—fastigiata3
488 935 532 975 in
562 935 626 986 iis,
660 948 842 988 quorum
873 933 948 975 fila
978 935 1292 989 gemmidiifera
1313 940 1640 978 anastomosan-

99 1002 174 1054 tia,
222 1004 438 1046 exteriora
485 1004 649 1045 sterilia
694 1003 790 1056 plus
835 1004 975 1044 minus
1021 1004 1269 1057 persistunt,
1317 1005 1515 1046 nucleum
1552 1005 1640 1046 tela

101 1072 406 1124 arachnoidea,
438 1072 522 1113 filis
552 1072 816 1113 tenuissimis
847 1072 1110 1113 reticulatim
1141 1073 1377 1127 conjunctis
1399 1077 1637 1125 constante,

101 1141 433 1193 circumdantia3
466 1142 510 1182 in
540 1141 591 1183 iis
622 1155 734 1193 vero,
767 1155 952 1195 quorum
982 1140 1057 1182 fila
1093 1142 1407 1195 gemmidiifera
1444 1147 1544 1184 sunt
1574 1143 1638 1184 di-

101 1210 312 1262 chotoma,
344 1210 435 1252 haec
467 1210 607 1251 adhuc
639 1211 685 1251 in
714 1213 887 1251 maturo
909 1210 1061 1252 nucleo
1092 1210 1312 1253 filiformia
1343 1214 1384 1253 et
1405 1211 1639 1253 articulata

98 1279 143 1319 in
173 1278 377 1320 inferiore
407 1283 532 1332 parte
563 1278 812 1332 persistunt,
846 1278 1141 1331 superioribus
1179 1279 1374 1320 articulis
1405 1279 1638 1332 gemmidia

99 1348 307 1400 pauciora
337 1347 596 1400 conglobata
626 1346 883 1388 foventibus.
925 1346 974 1387 In
1005 1346 1387 1401 Rhodymeniaceis
1420 1350 1543 1388 extra
1564 1346 1639 1388 fila

97 1416 383 1469 praegnantia,
416 1416 554 1468 magis
585 1415 807 1466 centralia,
840 1415 1056 1457 exteriora
1093 1415 1292 1469 quaedam
1329 1416 1495 1457 sterilia
1524 1429 1637 1457 nunc

100 1498 273 1539 quoque
305 1488 562 1536 cernuntur3
594 1484 685 1525 haec
718 1488 863 1526 autem
885 1484 929 1525 in
950 1487 1267 1526 maturescente
1287 1483 1431 1526 fructu
1452 1484 1497 1526 in
1518 1483 1635 1538 frag-

96 1557 243 1594 menta
273 1554 419 1595 lacera
449 1553 774 1604 distrahuntur3
806 1553 850 1593 in
881 1552 1101 1594 nonnullis
1123 1552 1196 1594 alii
1217 1553 1328 1594 rami
1347 1557 1634 1606 praegnantes,

96 1621 193 1663 aliis
226 1622 446 1664 sterilibus
477 1622 599 1665 lobos
630 1622 794 1664 fertiles
830 1622 1220 1674 intercedentibus3
1266 1622 1464 1664 omnibus
1511 1627 1636 1665 000ῖο-

95 1705 193 1731 rum
224 1690 529 1733 conformibus.
590 1691 666 1732 His
698 1705 798 1733 vero
831 1690 1084 1732 differentiis
1115 1705 1200 1732 non
1231 1691 1401 1732 ordines
1433 1691 1635 1742 diversos,

94 1760 169 1801 sed
201 1759 356 1802 Tribus
387 1759 580 1814 ejusdem
610 1759 774 1801 ordinis
804 1759 1015 1801 indicatas
1046 1760 1288 1813 suspicatus
1320 1773 1424 1801 sum.
1480 1759 1636 1801 Tribus

92 1828 239 1883 itaque
269 1829 375 1870 mihi
407 1832 526 1871 sunt:

93 1934 294 1984 TRIBUS
330 1935 365 1984 l.
436 1934 841 1984 RHMJYMENIEAE
894 1945 1175 1999 cystocarpiis
1227 1945 1371 1987 frondi
1420 1944 1633 1985 immersis

208 2017 285 2054 aut
316 2014 472 2066 saepius
503 2014 621 2054 intra
650 2013 944 2066 pericarpium
983 2013 1289 2067 subproprium
1324 2012 1523 2053 nucleum
1555 2012 1631 2053 ad-

205 2085 410 2135 parenter
442 2081 693 2135 simplicem,
726 2081 1008 2122 rotundatum
1040 2085 1116 2123 aut
1145 2081 1340 2123 lobatum
1366 2080 1630 2131 foventibus3

204 2149 289 2192 filis
321 2149 542 2191 sterilibus
574 2148 695 2191 101100
727 2149 1026 2202 separantibus
1057 2148 1148 2191 fere
1179 2149 1328 2201 nullis;
1361 2149 1470 2191 lobis
1502 2149 1629 2191 obco-

203 2218 311 2259 nicis
350 2222 427 2259 aut
472 2217 938 2267 obovato-rotundatis,
984 2217 1157 2258 demum
1188 2218 1232 2258 in
1263 2217 1463 2259 nucleum
1495 2216 1628 2270 adpa-

203 2290 350 2328 renter
381 2287 621 2340 simplicem
652 2287 777 2340 quasi
807 2286 998 2340 gelatina
1019 2286 1256 2328 cohibitum
1277 2286 1627 2329 coalescentibus.

181 2355 428 2401 Cystocarpia
452 2356 491 2390 in
516 2355 586 2389 hac
612 2354 715 2390 tribu
742 2358 832 2390 sunt
869 2355 1010 2390 ambitu
1048 2355 1168 2400 magis
1208 2354 1366 2390 definito
1403 2357 1467 2389 aut
1501 2354 1627 2389 frondi

87 2413 279 2457 immersa,
306 2416 371 2447 aut
397 2412 607 2457 saepissime
625 2412 729 2446 intra
753 2411 1006 2456 pericarpium
1036 2412 1303 2456 subproprium
1323 2414 1493 2456 excepta.
1543 2410 1628 2445 Fila

87 2470 366 2515 gemmidiifera
393 2481 506 2515 supra
530 2469 687 2503 fundum
712 2468 971 2513 placentarem
996 2469 1082 2513 plus
1108 2468 1231 2503 minus
1258 2469 1419 2512 elevata,
1441 2467 1627 2512 juvenilia

86 2528 162 2562 filis
189 2527 402 2561 articulatis
427 2524 826 2571 paniculato-ramosis
847 2525 1076 2569 corymbosis
1095 2525 1322 2568 constituta3
1350 2525 1550 2568 adultiora,
1569 2535 1626 2557 ar-

86 2584 215 2618 ticulis
241 2583 418 2628 plurimis
445 2586 510 2616 aut
534 2582 614 2616 fere
641 2581 813 2616 omnibus
841 2581 981 2615 sensim
1008 2581 1212 2617 subdivisis
1239 2585 1278 2616 et
1304 2582 1454 2616 demum
1479 2580 1624 2615 obsole-

86 2641 262 2685 tioribus,
288 2641 328 2675 in
353 2641 459 2676 101)οο
486 2639 687 2675 obconicos
714 2641 778 2673 aut
803 2639 1206 2674 obovato-rotundatos
1244 2640 1513 2682 transmutata,
1549 2636 1624 2671 filis

86 2698 282 2733 sterilibus
309 2696 424 2731 nullis
461 2697 568 2732 lobos
607 2694 886 2741 separantibus.
935 2695 1030 2730 Lobi
1068 2707 1181 2741 supra
1216 2696 1370 2741 planum
1406 2695 1625 2739 placentare

86 2757 151 2788 aut
177 2754 374 2799 stipitibus
400 2753 641 2788 brevioribus
667 2752 780 2796 affixi,
807 2751 914 2794 quasi
938 2751 1021 2797 ipso
1047 2753 1160 2797 plano
1177 2752 1454 2794 incumbentes,
1474 2753 1538 2784 aut
1557 2748 1623 2784 sti—

85 2810 229 2854 pitibus
254 2810 376 2855 magis
403 2810 641 2855 prolongatis
668 2813 708 2845 et
733 2808 947 2853 conspicuis
979 2809 1123 2853 adnati,
1161 2809 1337 2844 nucleum
1372 2807 1494 2852 magis
1521 2817 1623 2841 erec-

85 2866 290 2902 tiusculum
316 2866 537 2903 formantes.
