1757 3114
70 119 151 160 684

182 234 297 283 nata,
328 230 471 285 pinnis
501 227 836 271 sublanceolatis
873 228 1173 280 linearibusve‚
1204 227 1485 283 capsuligeris
1514 232 1601 271 ter-

182 299 414 341 minalibus
444 297 580 339 multo
612 297 847 352 majoribus
877 309 904 338 a
925 296 1040 338 disco
1062 295 1327 349 subrugosiS‚
1348 296 1468 350 rugis
1489 310 1604 338 mar-

182 367 441 422 ginibusque
471 364 699 419 pmliferis,
737 364 883 419 ligulis
914 363 1204 406 conformibus
1235 363 1393 406 sensim
1423 364 1605 407 sinuosis

182 434 490 489 papillosisque
522 432 651 474 dense
696 431 943 482 fructiferis,
975 432 1255 486 cystocarpiis
1301 432 1481 486 singulis
1524 432 1603 474 im-

182 503 333 545 mersis
363 502 587 544 incurvato
624 501 818 555 margine
854 500 1051 555 lobisque
1082 501 1408 543 conniventibus
1438 501 1601 551 cinctis,

181 572 290 615 soris
321 571 721 625 sphaerosporarum
766 570 954 624 globosis
999 569 1276 611 circumcirca
1320 570 1410 611 sine
1455 569 1605 612 ordine

182 639 380 694 plurimis
410 639 636 680 immersis.

236 707 349 748 Hab.
380 707 436 748 ad
467 706 630 748 insulas
663 705 848 748 Chatam
880 709 924 747 et
955 705 1058 748 Nov.
1091 705 1354 748 Zelandiam.

158 788 361 832 Postquam
386 788 411 822 l.
439 798 471 821 0.
498 786 700 832 diagnosin
736 786 878 831 plantae
918 786 1086 830 exhibui,
1125 786 1333 831 specimina
1369 787 1611 833 capsuligera

67 857 213 890 quoque
239 844 370 880 videre
396 845 570 890 contigit,
605 856 687 889 quae
713 844 866 879 incauto
902 843 1011 878 facile
1050 843 1215 888 speciem
1251 844 1443 889 propriam
1469 845 1608 880 consti-

67 905 175 937 tuere
201 902 438 938 viderentur.
490 901 584 936 Sunt
609 901 714 946 prius
741 900 956 936 observatis
983 900 1185 945 conspicue
1209 900 1353 946 majora
1379 901 1447 936 sed
1471 899 1604 946 praeci-

66 970 139 1005 pue
166 959 205 995 in
231 971 273 995 eo
298 959 478 1003 insignia,
517 959 628 1002 quod,
666 961 707 992 ut
732 958 771 992 in
798 957 1016 1002 Papillatis,
1054 960 1252 1002 segmenta
1287 957 1506 992 terminalia
1542 958 1604 992 de-

67 1028 168 1051 mum
195 1016 434 1062 capsuligera
459 1015 662 1060 conspicue
688 1015 831 1059 majora
854 1014 965 1055 fiant;
1004 1015 1049 1050 ab
1080 1015 1139 1049 his
1176 1025 1267 1049 vero
1304 1013 1458 1049 diversa
1481 1014 1520 1048 in
1547 1025 1606 1058 eo,

66 1073 166 1118 quod
190 1072 316 1107 nuclei
341 1084 415 1107 non
441 1072 481 1106 in
507 1071 661 1117 papillis
695 1071 936 1116 subglobosis
967 1071 1007 1105 in
1032 1071 1157 1106 medio
1189 1071 1380 1115 immersa,
1408 1071 1474 1106 sed
1499 1073 1542 1105 ut
1565 1071 1605 1105 in

65 1129 304 1174 Excipulatis
330 1129 537 1175 cinguntur
560 1128 734 1174 margine
762 1129 983 1163 subelevato
1009 1131 1048 1163 et
1072 1127 1112 1162 in
1137 1129 1244 1164 lobos
1273 1129 1356 1172 (seu
1382 1128 1603 1173 papillulas)

66 1187 313 1222 exuberante.
361 1187 393 1221 A
419 1186 462 1220 G.
489 1186 670 1232 angulata
708 1185 957 1229 dignoscatur
991 1185 1098 1230 rugis
1129 1185 1169 1219 in
1192 1185 1327 1220 fronde
1364 1184 1605 1230 capsuligera

65 1244 184 1279 multo
208 1243 332 1278 minus
359 1243 518 1278 elevatis
544 1242 704 1277 formam
722 1243 874 1288 planam
898 1241 1043 1278 frondis
1069 1241 1134 1277 vix
1159 1242 1409 1286 mutantibus,
1434 1241 1605 1286 ipsisque

64 1300 195 1346 ligulis
220 1300 428 1335 fructiferis
456 1299 496 1334 in
524 1299 555 1334 G
581 1300 763 1344 angulata
778 1298 901 1344 magis
928 1298 1052 1344 planis
1080 1301 1118 1333 et
1143 1298 1304 1343 obtusis,
1329 1299 1369 1333 in
1394 1299 1437 1333 G.
1463 1297 1603 1343 margi-

66 1356 188 1392 nifera
210 1357 331 1402 magis
357 1356 544 1391 teretibus
572 1359 611 1391 et
636 1356 860 1391 acuminatis
888 1355 1074 1399 (acumine
1099 1358 1227 1390 tamen
1253 1355 1542 1400 obtusiusculo).

68 1451 134 1492 30.
166 1450 216 1492 G.
250 1464 467 1492 PAPILLATA
499 1450 579 1503 Ay.

158 1529 238 1564 Sec.
264 1529 472 1574 specimina
497 1529 544 1563 ad
569 1528 716 1564 Golden
742 1528 836 1563 Gate
863 1528 1080 1563 Californiae
1099 1528 1211 1571 lecta,
1236 1528 1319 1564 haec
1345 1528 1506 1573 species,
1532 1540 1606 1563 una

67 1598 151 1621 cum
176 1586 218 1621 G.
244 1587 470 1631 mamillosa,
497 1586 758 1632 dignoscenda
775 1587 930 1621 videtur
946 1586 1119 1632 margine
1137 1587 1365 1631 incrassato,
1393 1587 1604 1632 saepissime

66 1643 121 1687 (in
135 1643 277 1678 nostris
294 1645 458 1688 semper>
472 1643 627 1688 papillis
647 1644 849 1679 denudat-o.
876 1644 983 1678 Intra
1000 1643 1210 1689 marginem
1228 1642 1482 1678 incrassatum
1502 1655 1603 1688 saepe

63 1700 218 1746 papillae
244 1700 487 1745 proveniunt,
515 1712 598 1744 quae
623 1701 776 1736 incauto
801 1701 1033 1745 marginales
1065 1700 1177 1735 facile
1210 1700 1431 1745 adpareant.
1481 1702 1603 1737 Frons

66 1756 211 1791 sterilis
239 1759 299 1791 est
328 1768 442 1801 parce
468 1756 686 1792 dichotoma
711 1760 776 1791 aut
809 1756 1122 1801 simpliciuscula‚
1160 1758 1501 1793 obovato-linearis
1540 1761 1605 1792 aut

64 1815 241 1859 oblonga,
266 1825 366 1849 nunc
392 1814 498 1859 apice
524 1817 700 1850 truncata
732 1817 799 1849 aut
825 1814 1032 1857 subdivisa,
1058 1826 1158 1849 nunc
1183 1814 1312 1860 ligulis
1338 1815 1441 1850 intra
1465 1815 1603 1861 margi-

65 1883 152 1906 nem
179 1872 491 1908 excrescentibus
518 1875 556 1906 et
582 1884 666 1907 cum
691 1872 826 1907 fronde
866 1871 1216 1908 subconfluentibus
1254 1872 1484 1917 adparenter
1520 1872 1602 1917 pin-

64 1931 165 1962 nata.
214 1927 372 1972 Papillae
397 1927 604 1963 fructiferae
630 1929 817 1972 obovatae,
843 1928 1069 1964 brevissime
1096 1928 1369 1974 substipitatae‚
1395 1940 1496 1964 nunc
1516 1931 1602 1965 sub-

65 1995 291 2019 verrucosae.
340 1984 440 2019 Duas
467 1985 605 2020 formas
632 1985 859 2030 dignoscere
895 1985 998 2028 licet,
1036 1997 1172 2031 nempe
1198 1986 1416 2031 primariam
1443 1987 1510 2029 (G,
1532 1999 1600 2031 pa-

58 2041 234 2086 pillatam
259 2042 348 2087 Ay.)
373 2042 586 2077 tenuiorem
610 2042 712 2077 foliis
739 2043 947 2078 fructiferis
984 2043 1106 2088 magis
1132 2043 1334 2088 elongatis,
1371 2043 1492 2078 forma
1516 2044 1601 2078 sub-

65 2097 304 2141 lanceolatis‚
330 2098 478 2132 demum
508 2099 787 2137 subtruncatis:
808 2103 846 2134 et
871 2100 1031 2133 alteram
1056 2100 1244 2135 obovatam
1268 2099 1389 2145 magis
1414 2099 1600 2134 incrassa-

63 2158 156 2199 tam,
180 2155 280 2190 foliis
306 2155 513 2190 fructiferis
544 2156 665 2201 magis
692 2156 862 2191 obovatis
890 2160 929 2191 et
953 2157 1217 2201 crassioribus,
1242 2157 1395 2202 papillis
1415 2157 1601 2192 densiori-

65 2213 135 2247 bus
162 2216 201 2247 et
227 2225 326 2258 saepe
353 2213 653 2249 subverrucosis.
704 2214 808 2248 Hanc
834 2214 1007 2248 ultimam
1033 2225 1116 2249 esse
1148 2214 1231 2259 Gay.
1259 2215 1448 2250 Radulam
1480 2215 1600 2250 Harv.

64 2269 154 2305 Ner.
183 2270 273 2304 Bor.
300 2270 423 2304 Amer.
457 2270 563 2305 velut
599 2270 877 2315 Mastocarpum
913 2270 1194 2314 corymbiferum
1232 2271 1348 2306 Kritz.
1387 2272 1457 2306 tab.
1486 2272 1600 2317 Phyc.

71 2327 149 2361 Vol.
178 2327 305 2361 XVII
327 2328 396 2362 tab.
423 2328 467 2362 46
492 2328 603 2373 hujus
629 2328 787 2362 formam
814 2339 910 2372 esse,
939 2328 1123 2373 suspicor.

64 2410 128 2450 31.
161 2410 396 2451 GicARTmA
428 2422 679 2450 GRANDIFIDA
719 2408 782 2461 (J.
815 2408 894 2462 Ay.
928 2410 1074 2465 mser.)
1121 2409 1279 2463 stipitis
1325 2409 1599 2452 evidentioris

177 2476 336 2518 ramosi
382 2476 514 2517 ramis
560 2476 850 2518 teretiusculis
896 2491 992 2518 mox
1038 2477 1320 2531 complanatis
1351 2477 1395 2518 in
1426 2477 1600 2519 frondes

172 2543 382 2597 juveniles
427 2548 631 2585 cuneatus
677 2545 1009 2598 integriusculas
1040 2549 1116 2586 aut
1147 2559 1331 2599 superne
1376 2545 1599 2588 laciniato-

178 2611 349 2661 divisas,
382 2611 618 2653 adultiori-s·
651 2613 744 2654 basi
783 2612 1015 2654 latissimas
1047 2617 1089 2654 et
1121 2627 1253 2666 supra
1283 2613 1473 2666 stipitem
1504 2627 1598 2654 sen-

178 2680 256 2720 sim
288 2678 553 2731 reniformes‚
587 2695 699 2722 1111110
730 2695 1001 2735 permagnas,
1048 2681 1144 2734 plus
1189 2682 1330 2723 minus
1375 2681 1598 2723 laciniato-

177 2747 347 2789 lobatas
386 2748 631 2802 phyllisque
663 2763 689 2790 a
719 2750 913 2803 margine
958 2749 1300 2802 prolificantibus
1345 2751 1597 2803 5111100111ρο-

178 2815 283 2856 sitas
315 2814 586 2868 abeuntibus,
618 2816 845 2859 frondibus
882 2818 1100 2860 sterilibus
1132 2822 1175 2860 et
1205 2818 1597 2872 sphaerosporiferis
