1757 3114
116 124 195 164 668
725 120 990 162 CHONDRIEAE.
1258 117 1637 171 Bonnemaisom'a.

112 235 197 276 tari
228 234 439 285 videntur,
472 233 764 287 superioribus
797 237 839 273 et
868 231 1143 273 interioribus
1170 231 1214 272 in
1235 231 1485 272 fasciculum
1516 244 1639 283 orga-

113 318 277 354 norum,
310 317 404 357 quae
436 300 664 355 gemmidia
695 305 914 354 generant,
951 299 1107 339 sensim
1152 299 1375 340 conversis.
1438 297 1544 339 Cum
1573 299 1639 340 his

113 372 155 412 in
187 371 334 412 eodem
364 369 593 417 individuo„
618 372 659 409 et
689 368 806 409 nullo
837 372 884 408 ut
915 367 1083 407 videtur
1113 367 1316 408 distincto
1348 367 1511 416 ordine,
1544 380 1639 408 sen-

114 439 193 480 sim
223 438 463 479 formantur
495 449 669 490 organa„
710 449 803 489 quae
835 439 882 475 ut
912 435 1158 475 antheridia
1199 435 1427 488 descripsit
1458 434 1640 489 Magnus

113 508 295 562 (Botcm.
330 506 509 559 Eryebn.
542 506 615 547 der
652 504 963 557 Nordscefahrzff
985 517 1032 555 p.
1064 505 1111 543 71
1148 503 1228 544 tab.
1262 503 1384 557 Ifiy.
1416 505 1468 545 24
1495 508 1539 545 et
1560 505 1642 557 25).

114 575 287 617 Cellulae
319 575 363 616 in
394 574 460 615 his
492 587 623 626 supra
655 573 841 625 stipitem
875 572 1110 613 breviorem
1142 571 1276 612 multo
1309 572 1445 624 magis
1474 572 1641 613 decom-

113 647 332 698 ponuntur
365 646 405 683 et
435 642 478 682 in
509 641 582 682 fila
613 641 873 689 brevissima,
907 653 1251 693 quoquoversum
1284 625 1495 681 'stellatim
1525 640 1642 681 radi-

113 712 230 752 antia
261 713 587 755 convertuntur:
625 709 885 762 fila'quibus
923 711 1133 759 constant,
1167 707 1341 760 globulo
1374 721 1504 761 supra
1536 708 1642 750 infe-

113 781 270 822 riorem
302 780 517 834 quendam
548 779 779 820 articulum
810 778 948 831 posito
981 778 1281 818 terminantur.
1325 776 1454 831 Cujus
1478 782 1642 819 naturae

113 849 203 890 haec
235 849 320 889 sint
351 862 513 901 organa
543 848 647 889 mihi
678 847 967 899 maximopere
1006 846 1183 887 dubium
1204 846 1385 887 videtur.
1446 846 1642 887 Kerami-

113 917 283 958 diorum
315 930 398 957 non
430 930 520 957 esse
560 920 723 957 statum
755 914 968 968 quendam
1014 914 1265 964 infantilem,
1298 918 1345 955 ut
1376 914 1508 955 voluit
1538 912 1643 955 Cra-

111 999 202 1027 mer
231 984 487 1040 (Ceramiae.
501 998 548 1037 p.
572 984 622 1024 (33
646 984 728 1024 tab.
752 983 862 1036 θήῃ.
898 983 978 1035 12),
1011 996 1061 1024 ex
1094 982 1253 1036 majore
1285 982 1643 1036 decompositione

113 1053 365 1094 cellularum
410 1052 757 1093 constituentium
790 1055 831 1091 et
862 1050 1113 1091 evolutionis
1159 1063 1310 1104 norma
1355 1050 1441 1091 alia
1479 1055 1643 1092 certum

113 1122 217 1163 mihi
249 1121 429 1162 videtur.
491 1120 642 1161 Utrum
676 1120 760 1160 sint
790 1118 1045 1167 ant-hermia,
1080 1123 1126 1159 ut
1156 1119 1290 1160 voluit
1320 1118 1503 1172 Magnus
1533 1133 1642 1172 prae-

112 1194 237 1231 eunte
269 1194 316 1230 ut
349 1189 514 1230 videtur
546 1187 763 1239 Thuretio,
795 1201 849 1227 an
880 1187 966 1227 sint
1004 1200 1167 1240 organa
1203 1187 1473 1233 abortientia,
1512 1202 1563 1229 ex
1592 1187 1644 1229 iis

114 1272 208 1311 quae
242 1258 463 1310 hucusque
495 1256 778 1297 observarunt
810 1255 1044 1308 dijudicare
1075 1269 1159 1296 non
1190 1254 1302 1296 licet.
1363 1256 1426 1296 Ab
1460 1255 1525 1296 his
1547 1269 1645 1297 vero

113 1329 285 1370 omnino
317 1328 485 1368 diversa
517 1331 615 1368 sunt
646 1339 822 1379 organa,
856 1339 949 1379 quae
982 1329 1028 1366 ut
1059 1325 1303 1367 antheridia
1324 1326 1646 1379 descripserunt

113 1397 275 1439 Derbes
323 1401 364 1437 et
409 1395 546 1437 Solier
578 1394 730 1448 (Mem.
768 1408 814 1447 p.
848 1396 896 1434 Π
924 1394 986 1446 pl.
1022 1394 1150 1435 XIX
1171 1395 1248 1448 figy.
1280 1396 1301 1434 7
1337 1398 1378 1435 et
1409 1395 1466 1449 8),
1516 1399 1646 1448 atque

117 1463 288 1506 Crouan
319 1464 413 1519 (Fl.
449 1464 604 1505 Finisti.
634 1463 692 1515 pl.
725 1463 775 1502 23
796 1463 871 1516 fif).
906 1463 1055 1516 7—9);
1094 1462 1350 1514 proveniunt
1381 1461 1566 1515 quidem,
1598 1466 1647 1503 ut

114 1548 276 1587 organa
308 1547 403 1574 mox
436 1536 685 1580 memorata,
718 1531 858 1584 pinnis
891 1530 1098 1583 opposita,
1132 1530 1205 1570 sed
1239 1544 1405 1583 semper
1437 1534 1646 1583 quantum

114 1603 212 1643 novi
242 1602 286 1642 in
324 1600 555 1641 individuis
601 1599 824 1645 distinctis
872 1598 1010 1639 forma
1055 1602 1274 1639 structura
1307 1602 1348 1639 et
1378 1598 1646 1640 formationis

116 1670 240 1711 modo
272 1673 474 1710 caeterum
507 1669 695 1709 diversa:
729 1667 935 1720 juvenilia
974 1671 1072 1707 sunt
1110 1666 1275 1707 cellulis
1308 1667 1446 1707 minus
1478 1666 1645 1707 decom-

115 1738 265 1791 positis
297 1742 339 1777 et
370 1736 545 1776 relative
577 1734 811 1788 majoribus
845 1747 974 1787 quam
1006 1748 1068 1785 ea,
1101 1748 1195 1787 quae
1228 1733 1422 1786 depinxit
1453 1733 1645 1787 Magnus,

115 1807 370 1851 constituta:
403 1809 502 1846 sunt
527 1805 616 1858 jam
648 1804 702 1844 ab
734 1803 856 1844 initio
896 1803 1094 1844 clavatini
1140 1803 1481 1851 intumescentia,
1527 1803 1649 1844 adul-

115 1875 227 1917 tiora
258 1875 428 1915 clavata
459 1878 534 1914 aut
570 1872 841 1926 inaequaliter
881 1872 1076 1924 oblonga,
1118 1871 1395 1926 cystocarpiis
1433 1871 1521 1912 fere
1559 1871 1650 1912 lon-

115 1943 247 1996 giora,
292 1942 364 1983 sed
410 1941 555 1982 forsan
601 1940 918 1994 aliquantulum
964 1941 1179 1991 tenuiora3
1227 1943 1425 1981 constant
1469 1938 1647 1991 cellulis,

116 2025 299 2065 quarum
331 2010 562 2051 exteriores
602 2010 788 2050 minores
819 2014 861 2050 et
891 2011 1030 2050 minus
1075 2009 1276 2050 coloratae
1322 2009 1540 2059 videntur3
1573 2021 1649 2048 nec

116 2084 260 2121 tamen
291 2078 368 2118 has
400 2076 577 2118 cellulas
617 2078 848 2119 exteriores
890 2077 997 2118 tales
1029 2077 1125 2123 vidi,
1158 2082 1205 2117 ut
1236 2090 1399 2129 organa
1428 2076 1471 2116 in
1502 2075 1649 2117 anthe-

116 2148 228 2188 ridia
258 2147 664 2200 demunrconversa
703 2148 958 2187 contendere
990 2146 1205 2186 auderem.
1265 2145 1371 2186 Fere
1402 2159 1525 2198 aequo
1554 2145 1650 2198 jure

117 2215 325 2268 conjicere
364 2215 511 2255 liceret
546 2218 593 2254 ut
630 2214 673 2253 in
705 2213 778 2253 fila
810 2213 1173 2254 nemathecioidea
1212 2213 1382 2261 abeant,
1416 2212 1459 2252 in
1490 2211 1649 2265 quibus

117 2284 288 2325 demum
310 2283 618 2336 sphaerosporte
642 2282 947 2322 evolverentur.
990 2280 1232 2334 Utcumque
1264 2281 1330 2329 sit„
1362 2281 1451 2321 haec
1483 2293 1648 2333 organa

118 2351 233 2393 nullo
280 2350 405 2392 modo
453 2365 546 2391 cuin
595 2364 725 2403 supra
769 2350 994 2402 descriptis
1040 2349 1224 2389 identica
1268 2349 1428 2389 habere
1460 2348 1569 2397 licet⁷
1603 2351 1651 2388 ut

119 2419 150 2460 T
155 2419 322 2460 huretio
355 2418 568 2471 placuisse
601 2419 781 2461 videtur,
821 2432 950 2471 quun]
999 2417 1087 2470 ipse
1119 2416 1242 2470 (Obs.
1273 2430 1348 2457 sur
1380 2416 1438 2457 les
1470 2416 1647 2457 Anther.

111 2503 157 2541 2).
191 2489 263 2542 38)
294 2487 696 2528 Bonnemaisoniam
728 2487 975 2535 monoicam,
1008 2486 1170 2527 Derbes
1209 2490 1252 2526 et
1290 2485 1425 2527 Solier
1457 2499 1554 2525 vero
1585 2484 1659 2525 <li-¹

119 2556 254 2597 oicain
287 2556 535 2597 observasse
580 2555 752 2596 indicat.
814 2554 1004 2607 Denique
1051 2554 1208 2595 dixisse
1253 2557 1450 2606 opportet
1495 2566 1561 2593 me
1605 2553 1649 2593 in

119 2624 349 2664 individuis
380 2624 565 2676 propriis
597 2624 710 2663 intra
740 2623 992 2676 pericarpia,
1026 2622 1372 2662 Keramidiorum
1419 2619 1647 2670 simillima,

120 2692 274 2733 vidisse
320 2705 482 2744 organa
527 2691 723 2745 oblonga„
772 2706 865 2745 quae
912 2694 1009 2731 ante
1057 2690 1141 2733 alia
1181 2690 1434 2730 antheridiis
1466 2689 1648 2729 aliarum

121 2759 416 2800 Floridearum
463 2759 742 2812 congruentia
786 2759 1106 2812 adparuerunt3
1141 2758 1183 2798 in
1215 2757 1362 2798 eodem
1410 2756 1648 2809 pericarpio

120 2827 194 2868 fila
223 2827 308 2868 vidi
339 2827 685 2868 transversaliter
716 2827 958 2878 articulata,
991 2839 1086 2880 quae
1117 2840 1194 2879 pro
1226 2824 1534 2878 sphaerosporis
1562 2823 1647 2865 for-
