1762 3036
70 123 357 166 Nemastoma.
640 109 1034 159 CRYPTONEMIACEAE.
1523 117 1601 158 125

181 233 392 278 filiformis
423 232 738 286 prodeuntibus
769 232 895 285 longe
917 230 1110 285 ligulatis
1132 230 1357 284 paululum
1382 229 1603 271 undulatis

180 303 376 353 curvatis,
410 301 677 355 simplicibus
708 304 783 341 aut
814 314 945 353 supra
976 300 1165 341 medium
1197 299 1548 347 subdichotomis,
1581 313 1602 339 e

178 363 370 423 margine
402 370 562 423 passim
591 369 830 420 ramulosis‚
855 369 1044 421 apicibus
1067 369 1206 410 denuo
1229 368 1471 421 angustatis
1493 367 1603 421 (ple-

178 452 359 492 rumque
391 439 601 492 abruptis.
632 465 685 469 -—
717 436 846 479 Color
877 436 1275 493 coccineo-fuscus).

328 519 378 560 In
409 520 519 560 mari
552 518 770 572 Japonico.

67 661 214 712 ΧΧΙΙΙ.
253 662 571 709 NEMASTOMA
607 669 652 712 J.
685 669 766 722 Ay.
797 667 894 721 Azy.
925 668 1030 709 med.
1063 671 1101 708 et
1134 667 1206 720 Sp.
1237 668 1333 721 Aly.
1358 682 1403 720 p.
1440 669 1529 708 162.

67 767 200 808 Frons
233 765 631 819 compressa-plana
662 763 1105 818 gelatinoso-carnosa
1135 762 1380 803 dichotoma
1411 766 1487 803 aut
1506 762 1606 803 sub-

179 834 371 886 pinnata,
407 833 554 875 stratis
587 833 755 874 duobus
787 835 862 872 aut
892 831 982 872 fere
1003 831 1143 873 tribus
1166 834 1378 881 contexta,
1402 831 1607 872 interiore

180 901 262 942 filis
307 901 505 954 plurimis
545 901 757 954 elongatis
797 900 1141 953 simpliciusculis
1190 904 1265 940 aut
1308 913 1435 952 parce
1467 914 1607 940 ramo-

177 972 234 1012 sis
278 971 408 1011 dense
446 970 716 1016 inte1·textis;
750 969 962 1010 exteriore
993 968 1075 1009 filis
1107 968 1383 1009 verticalibus
1416 968 1609 1008 dichoto-

180 1040 259 1080 mis
291 1038 802 1091 fasciculato-fastigiatis
834 1037 1089 1085 articulatis,
1113 1037 1308 1079 articulis
1330 1037 1608 1077 interioribus

179 1107 415 1162 majoribus
445 1106 520 1147 fila
550 1105 770 1147 corticalia
802 1107 1013 1157 tenuiora,
1053 1119 1177 1146 muco
1216 1104 1372 1145 laxiori
1404 1108 1478 1145 aut
1510 1105 1609 1145 soli-

180 1177 379 1218 descente
411 1175 609 1222 cohibita,
643 1175 965 1216 sustinentibus.
1030 1172 1312 1227 Cystocmpz'a
1353 1174 1469 1214 intra
1500 1176 1610 1213 stra-

180 1249 271 1285 tum
303 1243 505 1285 corticale
537 1248 723 1297 recepta,
757 1242 1056 1284 secedentibus
1097 1242 1181 1283 filis
1214 1242 1505 1283 ambientibus
1536 1241 1609 1282 de-

181 1328 297 1354 mum
330 1313 527 1360 liberata,
560 1312 712 1354 nucleo
735 1312 998 1365 adparenter
1019 1311 1214 1365 simplici,
1238 1312 1406 1353 ambitu
1436 1311 1611 1352 definito

181 1383 432 1430 constituta;
466 1381 641 1423 nucleus
663 1381 734 1423 filo
766 1382 835 1424 vix
857 1382 1083 1435 conspicue
1105 1386 1271 1423 mutato
1294 1381 1473 1431 adfixus,
1497 1381 1613 1421 intra

182 1451 303 1492 lobos
335 1451 570 1500 obconicos‚
604 1464 629 1491 a
659 1456 819 1504 puncto
851 1451 990 1492 basali
1022 1451 1244 1492 radiantes
1276 1450 1510 1504 gemmidia
1533 1465 1611 1491 nu-

183 1534 353 1562 merosa
384 1520 862 1574 rotundato-angulata,
895 1521 985 1562 sine
1017 1521 1166 1562 ordine
1188 1521 1415 1574 conspicuo
1438 1520 1612 1573 conglo-

179 1593 296 1641 bata,
327 1604 451 1631 muco
483 1590 673 1631 cohibita
703 1589 862 1631 fovens.
904 1590 1220 1643 Sphoerosyooroe
1251 1593 1388 1631 strato
1420 1589 1613 1631 corticali

185 1659 410 1709 immersae,
444 1671 604 1711 sparsae
636 1659 862 1699 cruciatim
894 1658 1053 1699 divisae.

184 1740 372 1781 Nucleus
402 1740 515 1780 inter
546 1738 621 1779 fila
651 1738 884 1789 verticalia⁷
927 1738 998 1779 filo
1046 1739 1115 1780 vix
1159 1742 1324 1780 mutato
1370 1738 1612 1791 placentari

73 1810 314 1863 impositus,
363 1813 405 1850 et
445 1807 665 1849 sterilibus
706 1809 837 1850 ramis
877 1807 966 1850 fere
1012 1808 1282 1850 umbellatim
1324 1808 1613 1849 ambientibus

73 1879 296 1928 fulcratus2
330 1879 500 1919 demum
534 1878 832 1919 secedentibus
875 1877 956 1918 filis
994 1878 1213 1925 liberatus,
1247 1878 1508 1919 'rotundatus
1540 1881 1615 1918 aut

72 1947 257 1997 lobatus,
290 1947 531 1999 gemmidiis
564 1946 755 2000 gelatina
787 1946 1011 1988 cohibente
1041 1947 1195 2000 saepius
1225 1951 1344 1988 arcte
1365 1946 1614 2000 conjunctis.

74 2016 269 2058 Stratum
299 2017 521 2069 proprium
553 2014 938 2057 circum-'nucleare
968 2014 1038 2056 vix
1070 2015 1203 2056 adest.

189 2096 335 2138 Genus
367 2100 415 2137 ut
444 2097 524 2137 hoc
555 2096 647 2137 loco
678 2095 925 2147 limitatum,
954 2096 1171 2137 mediante
1192 2097 1407 2150 praecipue
1429 2096 1614 2138 sectione

75 2165 294 2214 Platomae,
327 2164 590 2218 Halymeniae
622 2165 911 2218 propinquum
942 2163 1089 2206 forsan
1124 2165 1334 2217 videatur,
1367 2169 1511 2206 tamen
1533 2164 1615 2205 dif-

75 2234 161 2275 fert
191 2238 233 2274 et
264 2238 486 2275 structura
517 2234 642 2274 strati
682 2233 897 2274 corticalis
937 2231 980 2274 et
1010 2232 1156 2274 forsan
1186 2232 1457 2275 formationis
1490 2233 1615 2274 modo

77 2302 453 2357 cystocarpiorum.
513 2302 563 2343 In
595 2300 872 2343 Nemastoma
902 2301 1014 2342 inter
1046 2301 1119 2342 fila
1148 2302 1375 2355 periferica
1404 2301 1494 2343 fere
1522 2315 1615 2342 um-

77 2371 238 2412 bellata
269 2369 433 2411 cellulae
465 2370 533 2411 hic
565 2369 651 2411 illic
683 2370 1003 2424 conspiciantur
1034 2368 1164 2423 paulo
1194 2370 1378 2424 majores
1403 2370 1616 2416 intensius

79 2453 227 2491 roseae,
261 2439 593 2481 endochromate
624 2439 739 2480 intra
775 2439 1074 2481 membranam
1111 2439 1368 2480 exteriorem
1398 2438 1617 2492 hyalinam

81 2509 331 2554 evidentem,
364 2508 486 2550 initio
517 2508 792 2561 homogeneQ
825 2508 981 2549 sensim
1014 2509 1056 2549 ni
1088 2507 1215 2549 fallor
1239 2508 1456 2549 subdiviso
1479 2511 1521 2548 et
1542 2507 1616 2548 de-

81 2590 197 2618 mum
243 2575 473 2630 gemmidia
517 2575 766 2617 formante.>
802 2575 912 2617 Sunt
945 2576 1154 2630 ejusmodi
1185 2575 1349 2617 cellulae
1381 2577 1493 2616 inter
1523 2590 1615 2617 um-

81 2645 204 2686 bellae
250 2658 392 2685 ramos
428 2645 687 2696 subbasales⁷
726 2647 768 2686 et
804 2645 1003 2686 umbellis
1035 2644 1182 2686 vicinis
1220 2643 1419 2696 pluribus
1461 2644 1617 2685 sensim

82 2713 311 2764 fertilibus,
343 2713 488 2766 plures
519 2713 666 2756 forsan
697 2714 861 2755 cellulae
894 2713 1139 2755 matricales
1171 2714 1214 2753 in
1236 2712 1434 2754 nucleum
1456 2713 1616 2755 coales-

84 2786 197 2824 cunt.
256 2782 306 2823 In
351 2781 607 2835 Halymenia
643 2783 808 2824 cellulae
846 2780 1154 2824 subcorticales
1194 2780 1373 2834 singulae
1405 2780 1448 2822 in
1478 2786 1617 2836 cysto-

86 2852 232 2905 carpia
276 2851 559 2892 transmutari
603 2852 813 2894 videntur.
874 2852 910 2892 A
942 2851 1225 2903 Grateloupia
1269 2849 1414 2891 differt
1460 2850 1615 2893 Nema-
