<?xml version="1.0" encoding="UTF-8"?>
<!DOCTYPE html PUBLIC "-//W3C//DTD XHTML 1.0 Transitional//EN"
    "http://www.w3.org/TR/xhtml1/DTD/xhtml1-transitional.dtd">
<html xmlns="http://www.w3.org/1999/xhtml" xml:lang="en" lang="en">
 <head>
  <title>
</title>
<meta http-equiv="Content-Type" content="text/html;charset=utf-8" />
  <meta name='ocr-system' content='tesseract 3.04.00' />
  <meta name='ocr-capabilities' content='ocr_page ocr_carea ocr_par ocr_line ocrx_word'/>
</head>
<body>
  <div class='ocr_page' id='page_1' title='image "./speciesgeneraeto0301agar_0345.png"; bbox 0 0 1757 3114; ppageno 0'>
   <div class='ocr_carea' id='block_1_1' title="bbox 123 116 1655 170">
    <p class='ocr_par' dir='ltr' id='par_1_1' title="bbox 123 116 1655 170">
     <span class='ocr_line' id='line_1_1' title="bbox 123 116 1655 170; baseline 0.002 -13"><span class='ocrx_word' id='word_1_1' title='bbox 123 116 428 170; x_wconf 67' lang='lat' dir='ltr'>Rleodmnenia.</span> <span class='ocrx_word' id='word_1_2' title='bbox 698 116 1086 158; x_wconf 75' lang='lat' dir='ltr'>RHonYMENIAeEAE.</span> <span class='ocrx_word' id='word_1_3' title='bbox 1575 118 1655 160; x_wconf 80' lang='lat'>329</span> 
     </span>
    </p>
   </div>
   <div class='ocr_carea' id='block_1_2' title="bbox 116 228 1653 1040">
    <p class='ocr_par' dir='ltr' id='par_1_2' title="bbox 116 228 1653 1040">
     <span class='ocr_line' id='line_1_2' title="bbox 118 228 1651 286; baseline 0 -14"><span class='ocrx_word' id='word_1_4' title='bbox 118 229 315 284; x_wconf 82' lang='lat' dir='ltr'>capsulas</span> <span class='ocrx_word' id='word_1_5' title='bbox 348 230 518 272; x_wconf 89' lang='lat' dir='ltr'>demum</span> <span class='ocrx_word' id='word_1_6' title='bbox 550 244 574 271; x_wconf 91' lang='lat' dir='ltr'>a</span> <span class='ocrx_word' id='word_1_7' title='bbox 605 230 756 272; x_wconf 85' lang='lat' dir='ltr'>fronde</span> <span class='ocrx_word' id='word_1_8' title='bbox 789 229 963 279; x_wconf 73' lang='lat' dir='ltr'>solutas,</span> <span class='ocrx_word' id='word_1_9' title='bbox 995 228 1207 272; x_wconf 88' lang='lat' dir='ltr'>foveolam</span> <span class='ocrx_word' id='word_1_10' title='bbox 1240 245 1353 273; x_wconf 87' lang='lat' dir='ltr'>nunc</span> <span class='ocrx_word' id='word_1_11' title='bbox 1384 232 1576 286; x_wconf 87' lang='lat' dir='ltr'>perviam</span> <span class='ocrx_word' id='word_1_12' title='bbox 1608 232 1651 273; x_wconf 87' lang='lat' dir='ltr'>in</span> 
     </span>
     <span class='ocr_line' id='line_1_3' title="bbox 118 297 1652 354; baseline 0.001 -14"><span class='ocrx_word' id='word_1_13' title='bbox 118 297 269 340; x_wconf 86' lang='lat' dir='ltr'>fronde</span> <span class='ocrx_word' id='word_1_14' title='bbox 314 298 570 352; x_wconf 77' lang='lat' dir='ltr'>linquentes,</span> <span class='ocrx_word' id='word_1_15' title='bbox 619 299 847 341; x_wconf 85' lang='lat' dir='ltr'>observare</span> <span class='ocrx_word' id='word_1_16' title='bbox 893 298 1074 349; x_wconf 79' lang='lat' dir='ltr'>credidi3</span> <span class='ocrx_word' id='word_1_17' title='bbox 1121 313 1175 341; x_wconf 91' lang='lat' dir='ltr'>an</span> <span class='ocrx_word' id='word_1_18' title='bbox 1220 301 1264 341; x_wconf 90' lang='lat' dir='ltr'>in</span> <span class='ocrx_word' id='word_1_19' title='bbox 1295 299 1390 341; x_wconf 89' lang='lat' dir='ltr'>aliis</span> <span class='ocrx_word' id='word_1_20' title='bbox 1430 300 1652 354; x_wconf 80' lang='lat' dir='ltr'>speciebus</span> 
     </span>
     <span class='ocr_line' id='line_1_4' title="bbox 117 367 1653 422; baseline 0.001 -14"><span class='ocrx_word' id='word_1_21' title='bbox 117 367 231 408; x_wconf 90' lang='lat' dir='ltr'>idem</span> <span class='ocrx_word' id='word_1_22' title='bbox 262 367 468 417; x_wconf 81' lang='lat' dir='ltr'>obtineat,</span> <span class='ocrx_word' id='word_1_23' title='bbox 500 368 663 420; x_wconf 83' lang='lat' dir='ltr'>ignoro.</span> <span class='ocrx_word' id='word_1_24' title='bbox 706 367 1116 421; x_wconf 76' lang='lat' dir='ltr'>Sphaemsporarum</span> <span class='ocrx_word' id='word_1_25' title='bbox 1147 382 1318 422; x_wconf 86' lang='lat' dir='ltr'>quoque</span> <span class='ocrx_word' id='word_1_26' title='bbox 1349 382 1441 410; x_wconf 87' lang='lat' dir='ltr'>esse</span> <span class='ocrx_word' id='word_1_27' title='bbox 1472 368 1653 422; x_wconf 91' lang='lat' dir='ltr'>disposi-</span> 
     </span>
     <span class='ocr_line' id='line_1_5' title="bbox 117 435 1653 490; baseline 0.001 -14"><span class='ocrx_word' id='word_1_28' title='bbox 117 436 277 477; x_wconf 78' lang='lat' dir='ltr'>tionem</span> <span class='ocrx_word' id='word_1_29' title='bbox 308 435 533 487; x_wconf 77' lang='lat' dir='ltr'>diversam,</span> <span class='ocrx_word' id='word_1_30' title='bbox 567 440 698 490; x_wconf 84' lang='lat' dir='ltr'>atque</span> <span class='ocrx_word' id='word_1_31' title='bbox 729 437 773 478; x_wconf 90' lang='lat' dir='ltr'>in</span> <span class='ocrx_word' id='word_1_32' title='bbox 811 450 897 477; x_wconf 89' lang='lat' dir='ltr'>una</span> <span class='ocrx_word' id='word_1_33' title='bbox 942 436 1129 477; x_wconf 78' lang='lat' dir='ltr'>sectione</span> <span class='ocrx_word' id='word_1_34' title='bbox 1171 450 1320 479; x_wconf 83' lang='lat' dir='ltr'>earum</span> <span class='ocrx_word' id='word_1_35' title='bbox 1366 436 1653 479; x_wconf 89' lang='lat' dir='ltr'>evolutionem</span> 
     </span>
     <span class='ocr_line' id='line_1_6' title="bbox 117 503 1652 561; baseline 0.002 -17"><span class='ocrx_word' id='word_1_36' title='bbox 117 517 214 544; x_wconf 89' lang='lat' dir='ltr'>cum</span> <span class='ocrx_word' id='word_1_37' title='bbox 243 503 452 557; x_wconf 82' lang='lat' dir='ltr'>peculiari</span> <span class='ocrx_word' id='word_1_38' title='bbox 483 505 721 546; x_wconf 87' lang='lat' dir='ltr'>evolutione</span> <span class='ocrx_word' id='word_1_39' title='bbox 754 505 880 546; x_wconf 88' lang='lat' dir='ltr'>strati</span> <span class='ocrx_word' id='word_1_40' title='bbox 911 504 1125 546; x_wconf 85' lang='lat' dir='ltr'>corticalis</span> <span class='ocrx_word' id='word_1_41' title='bbox 1148 519 1239 547; x_wconf 89' lang='lat' dir='ltr'>esse</span> <span class='ocrx_word' id='word_1_42' title='bbox 1261 506 1545 561; x_wconf 77' lang='lat' dir='ltr'>conjunctam,</span> <span class='ocrx_word' id='word_1_43' title='bbox 1577 505 1652 547; x_wconf 88' lang='lat' dir='ltr'>ho-</span> 
     </span>
     <span class='ocr_line' id='line_1_7' title="bbox 117 572 1650 627; baseline 0 -13"><span class='ocrx_word' id='word_1_44' title='bbox 117 573 186 614; x_wconf 85' lang='lat' dir='ltr'>die</span> <span class='ocrx_word' id='word_1_45' title='bbox 217 577 396 615; x_wconf 86' lang='lat' dir='ltr'>constat.</span> <span class='ocrx_word' id='word_1_46' title='bbox 457 572 548 614; x_wconf 89' lang='lat' dir='ltr'>Hac</span> <span class='ocrx_word' id='word_1_47' title='bbox 581 573 917 615; x_wconf 87' lang='lat' dir='ltr'>conformatione</span> <span class='ocrx_word' id='word_1_48' title='bbox 949 587 1045 614; x_wconf 86' lang='lat' dir='ltr'>cum</span> <span class='ocrx_word' id='word_1_49' title='bbox 1077 574 1244 616; x_wconf 85' lang='lat' dir='ltr'>Genere</span> <span class='ocrx_word' id='word_1_50' title='bbox 1266 573 1340 615; x_wconf 95' lang='lat' dir='ltr'>illo</span> <span class='ocrx_word' id='word_1_51' title='bbox 1362 573 1650 627; x_wconf 82' lang='lat' dir='ltr'>Acropeltidis</span> 
     </span>
     <span class='ocr_line' id='line_1_8' title="bbox 120 639 1651 697; baseline 0 -14"><span class='ocrx_word' id='word_1_52' title='bbox 120 642 281 695; x_wconf 89' lang='lat' dir='ltr'>species</span> <span class='ocrx_word' id='word_1_53' title='bbox 314 641 512 683; x_wconf 75' lang='lat' dir='ltr'>sectionis</span> <span class='ocrx_word' id='word_1_54' title='bbox 544 645 702 683; x_wconf 76' lang='lat' dir='ltr'>nostrae</span> <span class='ocrx_word' id='word_1_55' title='bbox 734 641 797 683; x_wconf 90' lang='grc' dir='ltr'>ΠΙ</span> <span class='ocrx_word' id='word_1_56' title='bbox 828 639 1132 697; x_wconf 86' lang='lat' dir='ltr'>(Clinophora)</span> <span class='ocrx_word' id='word_1_57' title='bbox 1163 643 1388 684; x_wconf 78' lang='lat' dir='ltr'>convenire</span> <span class='ocrx_word' id='word_1_58' title='bbox 1430 642 1651 694; x_wconf 83' lang='lat' dir='ltr'>videntur3</span> 
     </span>
     <span class='ocr_line' id='line_1_9' title="bbox 116 711 1652 765; baseline 0.001 -14"><span class='ocrx_word' id='word_1_59' title='bbox 116 711 264 764; x_wconf 86' lang='lat' dir='ltr'>ignota</span> <span class='ocrx_word' id='word_1_60' title='bbox 309 715 453 752; x_wconf 87' lang='lat' dir='ltr'>autem</span> <span class='ocrx_word' id='word_1_61' title='bbox 498 714 719 753; x_wconf 81' lang='lat' dir='ltr'>structura</span> <span class='ocrx_word' id='word_1_62' title='bbox 771 711 1027 765; x_wconf 80' lang='lat' dir='ltr'>cystocarpii</span> <span class='ocrx_word' id='word_1_63' title='bbox 1074 712 1374 765; x_wconf 84' lang='lat' dir='ltr'>Acropeltidis‚</span> <span class='ocrx_word' id='word_1_64' title='bbox 1421 713 1652 754; x_wconf 85' lang='lat' dir='ltr'>sectionem</span> 
     </span>
     <span class='ocr_line' id='line_1_10' title="bbox 116 779 1649 834; baseline 0.001 -13"><span class='ocrx_word' id='word_1_65' title='bbox 116 780 479 834; x_wconf 72' lang='lat' dir='ltr'>propriam&#39;inter</span> <span class='ocrx_word' id='word_1_66' title='bbox 500 780 829 834; x_wconf 72' lang='lat' dir='ltr'>Rhodymenias,</span> <span class='ocrx_word' id='word_1_67' title='bbox 853 779 960 821; x_wconf 87' lang='lat' dir='ltr'>duce</span> <span class='ocrx_word' id='word_1_68' title='bbox 981 779 1191 834; x_wconf 68' lang='lat' dir='ltr'>Harveyo.</span> <span class='ocrx_word' id='word_1_69' title='bbox 1215 781 1280 821; x_wconf 89' lang='lat' dir='ltr'>his</span> <span class='ocrx_word' id='word_1_70' title='bbox 1305 781 1527 834; x_wconf 83' lang='lat' dir='ltr'>speciebus</span> <span class='ocrx_word' id='word_1_71' title='bbox 1550 795 1649 823; x_wconf 89' lang='lat' dir='ltr'>con-</span> 
     </span>
     <span class='ocr_line' id='line_1_11' title="bbox 116 847 1649 901; baseline 0.001 -13"><span class='ocrx_word' id='word_1_72' title='bbox 116 848 295 890; x_wconf 85' lang='lat' dir='ltr'>stituere</span> <span class='ocrx_word' id='word_1_73' title='bbox 325 848 459 889; x_wconf 88' lang='lat' dir='ltr'>malui</span> <span class='ocrx_word' id='word_1_74' title='bbox 491 862 622 901; x_wconf 86' lang='lat' dir='ltr'>quam</span> <span class='ocrx_word' id='word_1_75' title='bbox 653 851 729 888; x_wconf 86' lang='lat' dir='ltr'>aut</span> <span class='ocrx_word' id='word_1_76' title='bbox 758 861 914 889; x_wconf 88' lang='lat' dir='ltr'>novum</span> <span class='ocrx_word' id='word_1_77' title='bbox 945 847 1102 897; x_wconf 77' lang='lat' dir='ltr'>Genus,</span> <span class='ocrx_word' id='word_1_78' title='bbox 1127 847 1275 890; x_wconf 77' lang='lat' dir='ltr'>forsan</span> <span class='ocrx_word' id='word_1_79' title='bbox 1295 852 1446 901; x_wconf 90' lang='lat' dir='ltr'>postea</span> <span class='ocrx_word' id='word_1_80' title='bbox 1477 848 1649 891; x_wconf 87' lang='lat' dir='ltr'>abolen-</span> 
     </span>
     <span class='ocr_line' id='line_1_12' title="bbox 116 916 1651 972; baseline 0.001 -14"><span class='ocrx_word' id='word_1_81' title='bbox 116 916 232 966; x_wconf 73' lang='lat' dir='ltr'>dum,</span> <span class='ocrx_word' id='word_1_82' title='bbox 265 917 330 958; x_wconf 88' lang='lat' dir='ltr'>his</span> <span class='ocrx_word' id='word_1_83' title='bbox 362 931 521 967; x_wconf 74' lang='lat' dir='ltr'>creare,</span> <span class='ocrx_word' id='word_1_84' title='bbox 555 921 630 958; x_wconf 89' lang='lat' dir='ltr'>aut</span> <span class='ocrx_word' id='word_1_85' title='bbox 662 917 832 959; x_wconf 91' lang='lat' dir='ltr'>eosdem</span> <span class='ocrx_word' id='word_1_86' title='bbox 871 931 968 957; x_wconf 89' lang='lat' dir='ltr'>cum</span> <span class='ocrx_word' id='word_1_87' title='bbox 1013 917 1300 970; x_wconf 79' lang='lat' dir='ltr'>Acropeltide,</span> <span class='ocrx_word' id='word_1_88' title='bbox 1347 917 1466 972; x_wconf 87' lang='lat' dir='ltr'>cujus</span> <span class='ocrx_word' id='word_1_89' title='bbox 1513 921 1651 972; x_wconf 85' lang='lat' dir='ltr'>cysto-</span> 
     </span>
     <span class='ocr_line' id='line_1_13' title="bbox 116 985 1338 1040; baseline 0.001 -13"><span class='ocrx_word' id='word_1_90' title='bbox 116 986 263 1039; x_wconf 88' lang='lat' dir='ltr'>carpia</span> <span class='ocrx_word' id='word_1_91' title='bbox 291 985 439 1028; x_wconf 80' lang='lat' dir='ltr'>forsan</span> <span class='ocrx_word' id='word_1_92' title='bbox 470 987 556 1027; x_wconf 85' lang='lat' dir='ltr'>sint</span> <span class='ocrx_word' id='word_1_93' title='bbox 588 985 820 1027; x_wconf 82' lang='lat' dir='ltr'>admodum</span> <span class='ocrx_word' id='word_1_94' title='bbox 852 985 1034 1036; x_wconf 82' lang='lat' dir='ltr'>diversa,</span> <span class='ocrx_word' id='word_1_95' title='bbox 1067 986 1338 1040; x_wconf 83' lang='lat' dir='ltr'>conjungere.</span> 
     </span>
    </p>
   </div>
   <div class='ocr_carea' id='block_1_3' title="bbox 115 1112 1652 1234">
    <p class='ocr_par' dir='ltr' id='par_1_3' title="bbox 115 1112 1652 1234">
     <span class='ocr_line' id='line_1_14' title="bbox 115 1112 1652 1168; baseline 0.001 -13"><span class='ocrx_word' id='word_1_96' title='bbox 115 1113 147 1155; x_wconf 94' lang='grc' dir='ltr'>Ι.</span> <span class='ocrx_word' id='word_1_97' title='bbox 179 1114 386 1155; x_wconf 79' lang='lat' dir='ltr'><strong>PALMATAE</strong></span> <span class='ocrx_word' id='word_1_98' title='bbox 417 1112 726 1166; x_wconf 62' lang='lat' dir='ltr'>sphaerosporis</span> <span class='ocrx_word' id='word_1_99' title='bbox 748 1127 829 1166; x_wconf 70' lang='lat' dir='ltr'>per</span> <span class='ocrx_word' id='word_1_100' title='bbox 860 1117 989 1155; x_wconf 78' lang='lat' dir='ltr'>totam</span> <span class='ocrx_word' id='word_1_101' title='bbox 1026 1114 1290 1168; x_wconf 60' lang='lat' dir='ltr'>superficiem</span> <span class='ocrx_word' id='word_1_102' title='bbox 1327 1114 1508 1168; x_wconf 70' lang='lat' dir='ltr'>frondis</span> <span class='ocrx_word' id='word_1_103' title='bbox 1546 1128 1652 1168; x_wconf 69' lang='lat' dir='ltr'>pro-</span> 
     </span>
     <span class='ocr_line' id='line_1_15' title="bbox 227 1182 1257 1234; baseline 0 -10"><span class='ocrx_word' id='word_1_104' title='bbox 227 1182 499 1233; x_wconf 69' lang='lat' dir='ltr'>venientibus,</span> <span class='ocrx_word' id='word_1_105' title='bbox 530 1182 702 1234; x_wconf 47' lang='grc' dir='ltr'>«φανείς</span> <span class='ocrx_word' id='word_1_106' title='bbox 733 1185 808 1223; x_wconf 71' lang='lat' dir='ltr'>aut</span> <span class='ocrx_word' id='word_1_107' title='bbox 836 1182 882 1224; x_wconf 70' lang='lat' dir='ltr'>m</span> <span class='ocrx_word' id='word_1_108' title='bbox 911 1195 1032 1224; x_wconf 75' lang='lat' dir='ltr'>soros</span> <span class='ocrx_word' id='word_1_109' title='bbox 1062 1182 1257 1225; x_wconf 70' lang='lat' dir='ltr'>collectis.</span> 
     </span>
    </p>
   </div>
   <div class='ocr_carea' id='block_1_4' title="bbox 113 1273 1652 1809">
    <p class='ocr_par' dir='ltr' id='par_1_4' title="bbox 113 1273 1652 1728">
     <span class='ocr_line' id='line_1_16' title="bbox 113 1273 1651 1330; baseline 0.001 -15"><span class='ocrx_word' id='word_1_110' title='bbox 113 1277 148 1316; x_wconf 91' lang='lat'>1.</span> <span class='ocrx_word' id='word_1_111' title='bbox 180 1274 258 1315; x_wconf 74' lang='lat' dir='ltr'>RH.</span> <span class='ocrx_word' id='word_1_112' title='bbox 289 1288 466 1315; x_wconf 69' lang='lat' dir='ltr'><strong>PERTUSA</strong></span> <span class='ocrx_word' id='word_1_113' title='bbox 497 1273 638 1327; x_wconf 79' lang='lat' dir='ltr'>(Post.</span> <span class='ocrx_word' id='word_1_114' title='bbox 669 1277 708 1315; x_wconf 85' lang='lat' dir='ltr'>et</span> <span class='ocrx_word' id='word_1_115' title='bbox 738 1273 874 1327; x_wconf 69' lang='lat' dir='ltr'>Rupr.</span> <span class='ocrx_word' id='word_1_116' title='bbox 897 1273 929 1315; x_wconf 92' lang='lat' dir='ltr'><strong><em>I</em></strong></span> <span class='ocrx_word' id='word_1_117' title='bbox 931 1274 1066 1316; x_wconf 73' lang='lat' dir='ltr'>llustr.</span> <span class='ocrx_word' id='word_1_118' title='bbox 1089 1274 1186 1328; x_wconf 68' lang='lat' dir='ltr'>Azy.</span> <span class='ocrx_word' id='word_1_119' title='bbox 1207 1287 1316 1316; x_wconf 68' lang='lat' dir='ltr'>ross.</span> <span class='ocrx_word' id='word_1_120' title='bbox 1331 1288 1379 1327; x_wconf 69' lang='lat' dir='ltr'>p.</span> <span class='ocrx_word' id='word_1_121' title='bbox 1403 1275 1476 1330; x_wconf 78' lang='lat'>20)</span> <span class='ocrx_word' id='word_1_122' title='bbox 1498 1274 1651 1316; x_wconf 87' lang='lat' dir='ltr'>fronde</span> 
     </span>
     <span class='ocr_line' id='line_1_17' title="bbox 225 1342 1652 1397; baseline 0.001 -14"><span class='ocrx_word' id='word_1_123' title='bbox 225 1356 250 1383; x_wconf 89' lang='lat' dir='ltr'>a</span> <span class='ocrx_word' id='word_1_124' title='bbox 280 1343 425 1396; x_wconf 84' lang='lat' dir='ltr'>stipite</span> <span class='ocrx_word' id='word_1_125' title='bbox 456 1342 657 1384; x_wconf 85' lang='lat' dir='ltr'>distincto</span> <span class='ocrx_word' id='word_1_126' title='bbox 690 1343 904 1384; x_wconf 81' lang='lat' dir='ltr'>cuneatim</span> <span class='ocrx_word' id='word_1_127' title='bbox 935 1342 1119 1384; x_wconf 87' lang='lat' dir='ltr'>dilatata</span> <span class='ocrx_word' id='word_1_128' title='bbox 1150 1343 1499 1396; x_wconf 78' lang='lat' dir='ltr'>simpliciuscula,</span> <span class='ocrx_word' id='word_1_129' title='bbox 1532 1344 1652 1397; x_wconf 89' lang='lat' dir='ltr'>apice</span> 
     </span>
     <span class='ocr_line' id='line_1_18' title="bbox 225 1411 1651 1467; baseline 0.002 -15"><span class='ocrx_word' id='word_1_130' title='bbox 225 1411 672 1465; x_wconf 76' lang='lat' dir='ltr'>emarginato-lobata,</span> <span class='ocrx_word' id='word_1_131' title='bbox 705 1411 989 1454; x_wconf 82' lang='lat' dir='ltr'>foraminibus</span> <span class='ocrx_word' id='word_1_132' title='bbox 1020 1426 1126 1467; x_wconf 86' lang='lat' dir='ltr'>vage</span> <span class='ocrx_word' id='word_1_133' title='bbox 1156 1416 1348 1466; x_wconf 80' lang='lat' dir='ltr'>pertusa,</span> <span class='ocrx_word' id='word_1_134' title='bbox 1381 1413 1651 1467; x_wconf 85' lang='lat' dir='ltr'>sphaerospo-</span> 
     </span>
     <span class='ocr_line' id='line_1_19' title="bbox 225 1480 1651 1535; baseline 0.001 -14"><span class='ocrx_word' id='word_1_135' title='bbox 225 1481 284 1522; x_wconf 90' lang='lat' dir='ltr'>ris</span> <span class='ocrx_word' id='word_1_136' title='bbox 315 1494 392 1534; x_wconf 88' lang='lat' dir='ltr'>per</span> <span class='ocrx_word' id='word_1_137' title='bbox 423 1484 559 1522; x_wconf 86' lang='lat' dir='ltr'>totam</span> <span class='ocrx_word' id='word_1_138' title='bbox 590 1480 798 1521; x_wconf 86' lang='lat' dir='ltr'>laminam</span> <span class='ocrx_word' id='word_1_139' title='bbox 821 1481 1085 1533; x_wconf 85' lang='lat' dir='ltr'>superiorem</span> <span class='ocrx_word' id='word_1_140' title='bbox 1109 1482 1234 1535; x_wconf 83' lang='lat' dir='ltr'>quasi</span> <span class='ocrx_word' id='word_1_141' title='bbox 1255 1486 1507 1535; x_wconf 86' lang='lat' dir='ltr'>punctatam</span> <span class='ocrx_word' id='word_1_142' title='bbox 1529 1496 1651 1535; x_wconf 86' lang='lat' dir='ltr'>spar-</span> 
     </span>
     <span class='ocr_line' id='line_1_20' title="bbox 225 1548 1650 1604; baseline 0.001 -14"><span class='ocrx_word' id='word_1_143' title='bbox 225 1549 294 1590; x_wconf 87' lang='lat' dir='ltr'>sis.</span> <span class='ocrx_word' id='word_1_144' title='bbox 325 1549 370 1591; x_wconf 85' lang='lat' dir='ltr'>J.</span> <span class='ocrx_word' id='word_1_145' title='bbox 401 1549 483 1603; x_wconf 69' lang='lat' dir='ltr'>Ay.</span> <span class='ocrx_word' id='word_1_146' title='bbox 518 1549 590 1602; x_wconf 71' lang='lat' dir='ltr'>Sp.</span> <span class='ocrx_word' id='word_1_147' title='bbox 614 1563 662 1601; x_wconf 67' lang='lat'>2).</span> <span class='ocrx_word' id='word_1_148' title='bbox 695 1549 787 1590; x_wconf 75' lang='lat'>376.</span> <span class='ocrx_word' id='word_1_149' title='bbox 824 1548 1048 1603; x_wconf 68' lang='lat' dir='ltr'>Porphyra</span> <span class='ocrx_word' id='word_1_150' title='bbox 1071 1554 1253 1602; x_wconf 67' lang='lat' dir='ltr'>pertusa</span> <span class='ocrx_word' id='word_1_151' title='bbox 1296 1550 1410 1593; x_wconf 76' lang='lat' dir='ltr'>Post.</span> <span class='ocrx_word' id='word_1_152' title='bbox 1443 1555 1480 1593; x_wconf 84' lang='lat' dir='ltr'>et</span> <span class='ocrx_word' id='word_1_153' title='bbox 1512 1551 1650 1604; x_wconf 73' lang='lat' dir='ltr'>Rupr.</span> 
     </span>
     <span class='ocr_line' id='line_1_21' title="bbox 224 1617 1650 1674; baseline 0.001 -15"><span class='ocrx_word' id='word_1_154' title='bbox 224 1617 250 1658; x_wconf 76' lang='lat' dir='ltr'>l.</span> <span class='ocrx_word' id='word_1_155' title='bbox 282 1632 313 1659; x_wconf 85' lang='lat' dir='ltr'>e.</span> <span class='ocrx_word' id='word_1_156' title='bbox 345 1618 426 1659; x_wconf 75' lang='lat' dir='ltr'>tab.</span> <span class='ocrx_word' id='word_1_157' title='bbox 463 1617 699 1659; x_wconf 86' lang='lat' dir='ltr'>XXXVI.</span> <span class='ocrx_word' id='word_1_158' title='bbox 758 1617 808 1658; x_wconf 88' lang='lat' dir='ltr'>In</span> <span class='ocrx_word' id='word_1_159' title='bbox 840 1617 985 1671; x_wconf 85' lang='lat' dir='ltr'>stipite</span> <span class='ocrx_word' id='word_1_160' title='bbox 1032 1618 1086 1659; x_wconf 87' lang='lat' dir='ltr'>ad</span> <span class='ocrx_word' id='word_1_161' title='bbox 1133 1623 1275 1669; x_wconf 90' lang='lat' dir='ltr'>ortum</span> <span class='ocrx_word' id='word_1_162' title='bbox 1320 1619 1492 1661; x_wconf 81' lang='lat' dir='ltr'>laniinae</span> <span class='ocrx_word' id='word_1_163' title='bbox 1538 1633 1650 1674; x_wconf 80' lang='lat' dir='ltr'>saepe</span> 
     </span>
     <span class='ocr_line' id='line_1_22' title="bbox 225 1686 753 1728; baseline 0 -1"><span class='ocrx_word' id='word_1_164' title='bbox 225 1686 420 1728; x_wconf 80' lang='lat' dir='ltr'>auricula</span> <span class='ocrx_word' id='word_1_165' title='bbox 450 1687 588 1727; x_wconf 89' lang='lat' dir='ltr'>minor</span> <span class='ocrx_word' id='word_1_166' title='bbox 620 1687 753 1728; x_wconf 89' lang='lat' dir='ltr'>adest.</span> 
     </span>
    </p>

    <p class='ocr_par' dir='ltr' id='par_1_5' title="bbox 377 1755 1354 1809">
     <span class='ocr_line' id='line_1_23' title="bbox 377 1755 1354 1809; baseline 0.004 -14"><span class='ocrx_word' id='word_1_167' title='bbox 377 1755 426 1795; x_wconf 89' lang='lat' dir='ltr'>In</span> <span class='ocrx_word' id='word_1_168' title='bbox 458 1755 626 1797; x_wconf 86' lang='lat' dir='ltr'>Oceano</span> <span class='ocrx_word' id='word_1_169' title='bbox 658 1755 818 1797; x_wconf 88' lang='lat' dir='ltr'>arctico</span> <span class='ocrx_word' id='word_1_170' title='bbox 850 1755 1027 1809; x_wconf 88' lang='lat' dir='ltr'>pacifico</span> <span class='ocrx_word' id='word_1_171' title='bbox 1060 1760 1101 1798; x_wconf 91' lang='lat' dir='ltr'>et</span> <span class='ocrx_word' id='word_1_172' title='bbox 1135 1757 1354 1800; x_wconf 88' lang='lat' dir='ltr'>atlantico.</span> 
     </span>
    </p>
   </div>
   <div class='ocr_carea' id='block_1_5' title="bbox 111 1857 1649 2242">
    <p class='ocr_par' dir='ltr' id='par_1_6' title="bbox 111 1857 1649 2242">
     <span class='ocr_line' id='line_1_24' title="bbox 111 1857 1649 1917; baseline 0.004 -18"><span class='ocrx_word' id='word_1_173' title='bbox 111 1860 147 1899; x_wconf 64' lang='lat'>⁶2.</span> <span class='ocrx_word' id='word_1_174' title='bbox 180 1858 259 1899; x_wconf 77' lang='lat' dir='ltr'>RH.</span> <span class='ocrx_word' id='word_1_175' title='bbox 291 1858 536 1899; x_wconf 73' lang='lat' dir='ltr'><strong>PERUVJANA</strong></span> <span class='ocrx_word' id='word_1_176' title='bbox 568 1857 634 1912; x_wconf 82' lang='lat' dir='ltr'>(J.</span> <span class='ocrx_word' id='word_1_177' title='bbox 668 1858 748 1911; x_wconf 64' lang='lat' dir='ltr'>Agl.</span> <span class='ocrx_word' id='word_1_178' title='bbox 784 1859 855 1912; x_wconf 72' lang='lat' dir='ltr'>Sp.</span> <span class='ocrx_word' id='word_1_179' title='bbox 879 1873 926 1912; x_wconf 74' lang='lat' dir='ltr'>p.</span> <span class='ocrx_word' id='word_1_180' title='bbox 959 1861 1061 1916; x_wconf 79' lang='lat'>378)</span> <span class='ocrx_word' id='word_1_181' title='bbox 1093 1860 1246 1903; x_wconf 89' lang='lat' dir='ltr'>fronde</span> <span class='ocrx_word' id='word_1_182' title='bbox 1284 1863 1539 1904; x_wconf 86' lang='lat' dir='ltr'>tenuissima</span> <span class='ocrx_word' id='word_1_183' title='bbox 1577 1878 1649 1917; x_wconf 88' lang='lat' dir='ltr'>ge-</span> 
     </span>
     <span class='ocr_line' id='line_1_25' title="bbox 223 1926 1648 1981; baseline 0.005 -14"><span class='ocrx_word' id='word_1_184' title='bbox 223 1926 762 1968; x_wconf 79' lang='lat' dir='ltr'>latinoso-membranacea</span> <span class='ocrx_word' id='word_1_185' title='bbox 794 1942 819 1968; x_wconf 89' lang='lat' dir='ltr'>a</span> <span class='ocrx_word' id='word_1_186' title='bbox 850 1929 997 1981; x_wconf 87' lang='lat' dir='ltr'>stipite</span> <span class='ocrx_word' id='word_1_187' title='bbox 1028 1929 1230 1972; x_wconf 86' lang='lat' dir='ltr'>distincto</span> <span class='ocrx_word' id='word_1_188' title='bbox 1277 1931 1492 1973; x_wconf 86' lang='lat' dir='ltr'>cuneatim</span> <span class='ocrx_word' id='word_1_189' title='bbox 1539 1933 1648 1974; x_wconf 88' lang='lat' dir='ltr'>dila-</span> 
     </span>
     <span class='ocr_line' id='line_1_26' title="bbox 224 1996 1645 2055; baseline 0.005 -19"><span class='ocrx_word' id='word_1_190' title='bbox 224 1999 329 2045; x_wconf 75' lang='lat' dir='ltr'>tata,</span> <span class='ocrx_word' id='word_1_191' title='bbox 362 1996 556 2049; x_wconf 81' lang='lat' dir='ltr'>margine</span> <span class='ocrx_word' id='word_1_192' title='bbox 588 1996 704 2037; x_wconf 87' lang='lat' dir='ltr'>nuda</span> <span class='ocrx_word' id='word_1_193' title='bbox 725 1997 822 2051; x_wconf 79' lang='lat' dir='ltr'>(aut</span> <span class='ocrx_word' id='word_1_194' title='bbox 843 1999 1074 2051; x_wconf 80' lang='lat' dir='ltr'>segmentis</span> <span class='ocrx_word' id='word_1_195' title='bbox 1102 2000 1245 2041; x_wconf 86' lang='lat' dir='ltr'>obsita</span> <span class='ocrx_word' id='word_1_196' title='bbox 1257 1999 1308 2055; x_wconf 67' lang='grc' dir='ltr'>Ρ),</span> <span class='ocrx_word' id='word_1_197' title='bbox 1332 2000 1645 2055; x_wconf 77' lang='lat' dir='ltr'>sphaerosporis</span> 
     </span>
     <span class='ocr_line' id='line_1_27' title="bbox 222 2063 1648 2124; baseline 0.006 -20"><span class='ocrx_word' id='word_1_198' title='bbox 222 2064 265 2105; x_wconf 88' lang='lat' dir='ltr'>in</span> <span class='ocrx_word' id='word_1_199' title='bbox 297 2078 416 2105; x_wconf 89' lang='lat' dir='ltr'>soros</span> <span class='ocrx_word' id='word_1_200' title='bbox 448 2064 565 2106; x_wconf 89' lang='lat' dir='ltr'>haud</span> <span class='ocrx_word' id='word_1_201' title='bbox 596 2063 792 2107; x_wconf 87' lang='lat' dir='ltr'>definitos</span> <span class='ocrx_word' id='word_1_202' title='bbox 824 2079 902 2119; x_wconf 88' lang='lat' dir='ltr'>per</span> <span class='ocrx_word' id='word_1_203' title='bbox 933 2067 1203 2121; x_wconf 86' lang='lat' dir='ltr'>superficiem</span> <span class='ocrx_word' id='word_1_204' title='bbox 1250 2082 1423 2121; x_wconf 85' lang='lat' dir='ltr'>sparsos</span> <span class='ocrx_word' id='word_1_205' title='bbox 1468 2084 1648 2124; x_wconf 90' lang='lat' dir='ltr'>congre-</span> 
     </span>
     <span class='ocr_line' id='line_1_28' title="bbox 222 2132 346 2186; baseline 0 -14"><span class='ocrx_word' id='word_1_206' title='bbox 222 2132 346 2186; x_wconf 89' lang='lat' dir='ltr'>gatis.</span> 
     </span>
     <span class='ocr_line' id='line_1_29' title="bbox 374 2200 568 2242; baseline 0.005 -1"><span class='ocrx_word' id='word_1_207' title='bbox 374 2200 568 2242; x_wconf 88' lang='lat' dir='ltr'>Peruvia.</span> 
     </span>
    </p>
   </div>
   <div class='ocr_carea' id='block_1_6' title="bbox 108 2292 1645 2756">
    <p class='ocr_par' dir='ltr' id='par_1_7' title="bbox 108 2292 1645 2351">
     <span class='ocr_line' id='line_1_30' title="bbox 108 2292 1645 2351; baseline 0.003 -16"><span class='ocrx_word' id='word_1_208' title='bbox 108 2295 145 2336; x_wconf 82' lang='lat'>3.</span> <span class='ocrx_word' id='word_1_209' title='bbox 177 2294 255 2334; x_wconf 68' lang='lat' dir='ltr'>Ru.</span> <span class='ocrx_word' id='word_1_210' title='bbox 288 2305 474 2333; x_wconf 80' lang='lat' dir='ltr'><strong>PALMATA</strong></span> <span class='ocrx_word' id='word_1_211' title='bbox 505 2292 622 2344; x_wconf 19' lang='lat' dir='ltr'>(Livy.</span> <span class='ocrx_word' id='word_1_212' title='bbox 673 2293 744 2346; x_wconf 71' lang='lat' dir='ltr'>Sp.</span> <span class='ocrx_word' id='word_1_213' title='bbox 791 2294 854 2336; x_wconf 93' lang='lat' dir='ltr'>II</span> <span class='ocrx_word' id='word_1_214' title='bbox 876 2308 923 2347; x_wconf 73' lang='lat' dir='ltr'>p.</span> <span class='ocrx_word' id='word_1_215' title='bbox 957 2295 1086 2351; x_wconf 78' lang='lat'>1630)</span> <span class='ocrx_word' id='word_1_216' title='bbox 1133 2295 1286 2338; x_wconf 87' lang='lat' dir='ltr'>fronde</span> <span class='ocrx_word' id='word_1_217' title='bbox 1327 2310 1354 2338; x_wconf 85' lang='lat' dir='ltr'>a</span> <span class='ocrx_word' id='word_1_218' title='bbox 1393 2297 1537 2350; x_wconf 87' lang='lat' dir='ltr'>stipite</span> <span class='ocrx_word' id='word_1_219' title='bbox 1582 2298 1645 2339; x_wconf 90' lang='lat' dir='ltr'>di-</span> 
     </span>
    </p>

    <p class='ocr_par' dir='ltr' id='par_1_8' title="bbox 222 2362 1644 2419">
     <span class='ocr_line' id='line_1_31' title="bbox 222 2362 1644 2419; baseline 0.003 -15"><span class='ocrx_word' id='word_1_220' title='bbox 222 2362 377 2404; x_wconf 85' lang='lat' dir='ltr'>stincto</span> <span class='ocrx_word' id='word_1_221' title='bbox 409 2362 622 2402; x_wconf 87' lang='lat' dir='ltr'>cuneatim</span> <span class='ocrx_word' id='word_1_222' title='bbox 654 2362 838 2404; x_wconf 85' lang='lat' dir='ltr'>dilatata</span> <span class='ocrx_word' id='word_1_223' title='bbox 875 2364 1120 2406; x_wconf 86' lang='lat' dir='ltr'>dichotoma</span> <span class='ocrx_word' id='word_1_224' title='bbox 1153 2369 1195 2407; x_wconf 94' lang='lat' dir='ltr'>et</span> <span class='ocrx_word' id='word_1_225' title='bbox 1217 2366 1506 2419; x_wconf 70' lang='lat' dir='ltr'>subpalmata,</span> <span class='ocrx_word' id='word_1_226' title='bbox 1530 2381 1644 2408; x_wconf 83' lang='lat' dir='ltr'>mar-</span> 
     </span>
    </p>

    <p class='ocr_par' dir='ltr' id='par_1_9' title="bbox 165 2429 1643 2488">
     <span class='ocr_line' id='line_1_32' title="bbox 165 2429 1643 2488; baseline 0.004 -18"><span class='ocrx_word' id='word_1_227' title='bbox 165 2468 168 2469; x_wconf 27' lang='lat'>.</span> <span class='ocrx_word' id='word_1_228' title='bbox 222 2431 319 2485; x_wconf 88' lang='lat' dir='ltr'>gine</span> <span class='ocrx_word' id='word_1_229' title='bbox 352 2429 468 2470; x_wconf 88' lang='lat' dir='ltr'>nuda</span> <span class='ocrx_word' id='word_1_230' title='bbox 499 2433 574 2470; x_wconf 89' lang='lat' dir='ltr'>aut</span> <span class='ocrx_word' id='word_1_231' title='bbox 604 2432 836 2483; x_wconf 74' lang='lat' dir='ltr'>segmentis</span> <span class='ocrx_word' id='word_1_232' title='bbox 869 2433 1065 2487; x_wconf 81' lang='lat' dir='ltr'>oblongis</span> <span class='ocrx_word' id='word_1_233' title='bbox 1087 2433 1469 2488; x_wconf 84' lang='lat' dir='ltr'>conformibusque</span> <span class='ocrx_word' id='word_1_234' title='bbox 1491 2435 1643 2485; x_wconf 74' lang='lat' dir='ltr'>obsita,</span> 
     </span>
    </p>

    <p class='ocr_par' dir='ltr' id='par_1_10' title="bbox 220 2497 1643 2555">
     <span class='ocr_line' id='line_1_33' title="bbox 220 2497 1643 2555; baseline 0.004 -15"><span class='ocrx_word' id='word_1_235' title='bbox 220 2499 328 2540; x_wconf 85' lang='lat' dir='ltr'>soris</span> <span class='ocrx_word' id='word_1_236' title='bbox 360 2497 758 2551; x_wconf 79' lang='lat' dir='ltr'>sphaerosporarum</span> <span class='ocrx_word' id='word_1_237' title='bbox 789 2514 866 2553; x_wconf 87' lang='lat' dir='ltr'>per</span> <span class='ocrx_word' id='word_1_238' title='bbox 898 2504 1034 2542; x_wconf 88' lang='lat' dir='ltr'>totam</span> <span class='ocrx_word' id='word_1_239' title='bbox 1067 2501 1334 2555; x_wconf 81' lang='lat' dir='ltr'>superficiem</span> <span class='ocrx_word' id='word_1_240' title='bbox 1358 2503 1519 2555; x_wconf 88' lang='lat' dir='ltr'>sparsis</span> <span class='ocrx_word' id='word_1_241' title='bbox 1542 2504 1643 2546; x_wconf 89' lang='lat' dir='ltr'>sub-</span> 
     </span>
    </p>

    <p class='ocr_par' dir='ltr' id='par_1_11' title="bbox 219 2565 1640 2623">
     <span class='ocr_line' id='line_1_34' title="bbox 219 2565 1640 2623; baseline 0.005 -16"><span class='ocrx_word' id='word_1_242' title='bbox 219 2565 405 2607; x_wconf 87' lang='lat' dir='ltr'>‹lefinitis</span> <span class='ocrx_word' id='word_1_243' title='bbox 436 2565 736 2619; x_wconf 80' lang='lat' dir='ltr'>irregulariter</span> <span class='ocrx_word' id='word_1_244' title='bbox 766 2567 980 2610; x_wconf 80' lang='lat' dir='ltr'>flexuosis.</span> <span class='ocrx_word' id='word_1_245' title='bbox 1013 2569 1057 2612; x_wconf 89' lang='lat' dir='ltr'>J.</span> <span class='ocrx_word' id='word_1_246' title='bbox 1090 2569 1172 2622; x_wconf 69' lang='lat' dir='ltr'>Ass.</span> <span class='ocrx_word' id='word_1_247' title='bbox 1209 2569 1280 2622; x_wconf 69' lang='lat' dir='ltr'>Sp.</span> <span class='ocrx_word' id='word_1_248' title='bbox 1304 2584 1352 2623; x_wconf 68' lang='lat' dir='ltr'>p.</span> <span class='ocrx_word' id='word_1_249' title='bbox 1375 2571 1468 2611; x_wconf 75' lang='lat'>376.</span> <span class='ocrx_word' id='word_1_250' title='bbox 1502 2572 1640 2614; x_wconf 40' lang='lat' dir='ltr'>Hal-v.</span> 
     </span>
    </p>

    <p class='ocr_par' dir='ltr' id='par_1_12' title="bbox 219 2632 1639 2756">
     <span class='ocr_line' id='line_1_35' title="bbox 224 2632 1639 2691; baseline 0.006 -16"><span class='ocrx_word' id='word_1_251' title='bbox 224 2633 352 2687; x_wconf 69' lang='lat' dir='ltr'>Phgye.</span> <span class='ocrx_word' id='word_1_252' title='bbox 385 2632 500 2674; x_wconf 64' lang='lat' dir='ltr'>Brit.</span> <span class='ocrx_word' id='word_1_253' title='bbox 533 2634 614 2676; x_wconf 73' lang='lat' dir='ltr'>tab.</span> <span class='ocrx_word' id='word_1_254' title='bbox 639 2636 730 2677; x_wconf 77' lang='lat'>217.</span> <span class='ocrx_word' id='word_1_255' title='bbox 767 2638 896 2679; x_wconf 55' lang='lat' dir='ltr'>Kritz.</span> <span class='ocrx_word' id='word_1_256' title='bbox 929 2638 1011 2679; x_wconf 72' lang='lat' dir='ltr'>tab.</span> <span class='ocrx_word' id='word_1_257' title='bbox 1048 2637 1176 2691; x_wconf 69' lang='lat' dir='ltr'>Pltgye.</span> <span class='ocrx_word' id='word_1_258' title='bbox 1220 2637 1307 2679; x_wconf 74' lang='lat' dir='ltr'>Vol.</span> <span class='ocrx_word' id='word_1_259' title='bbox 1344 2638 1534 2682; x_wconf 85' lang='lat' dir='ltr'><strong><em>XVIII</em></strong></span> <span class='ocrx_word' id='word_1_260' title='bbox 1558 2641 1639 2683; x_wconf 76' lang='lat' dir='ltr'>tab.</span> 
     </span>
     <span class='ocr_line' id='line_1_36' title="bbox 219 2701 1489 2756; baseline 0.004 -12"><span class='ocrx_word' id='word_1_261' title='bbox 219 2703 395 2744; x_wconf 75' lang='lat'>89—90.</span> <span class='ocrx_word' id='word_1_262' title='bbox 431 2701 573 2744; x_wconf 72' lang='lat' dir='ltr'>Fueus</span> <span class='ocrx_word' id='word_1_263' title='bbox 595 2704 822 2756; x_wconf 72' lang='lat' dir='ltr'>palmatus</span> <span class='ocrx_word' id='word_1_264' title='bbox 856 2706 932 2756; x_wconf 83' lang='lat' dir='ltr'>L.;</span> <span class='ocrx_word' id='word_1_265' title='bbox 970 2706 1100 2748; x_wconf 70' lang='lat' dir='ltr'>Turn.</span> <span class='ocrx_word' id='word_1_266' title='bbox 1134 2706 1250 2748; x_wconf 71' lang='lat' dir='ltr'>He&#39;st.</span> <span class='ocrx_word' id='word_1_267' title='bbox 1282 2707 1363 2748; x_wconf 70' lang='lat' dir='ltr'>tab.</span> <span class='ocrx_word' id='word_1_268' title='bbox 1398 2709 1489 2749; x_wconf 84' lang='lat'>115.</span> 
     </span>
    </p>
   </div>
   <div class='ocr_carea' id='block_1_7' title="bbox 106 2782 1640 2893">
    <p class='ocr_par' dir='ltr' id='par_1_13' title="bbox 106 2782 1640 2893">
     <span class='ocr_line' id='line_1_37' title="bbox 106 2782 1640 2840; baseline 0.004 -15"><span class='ocrx_word' id='word_1_269' title='bbox 106 2783 275 2825; x_wconf 86' lang='lat' dir='ltr'>Variat:</span> <span class='ocrx_word' id='word_1_270' title='bbox 309 2782 554 2824; x_wconf 74' lang='lat' dir='ltr'>SARNIENSIS</span> <span class='ocrx_word' id='word_1_271' title='bbox 586 2786 816 2837; x_wconf 85' lang='lat' dir='ltr'>segmentis</span> <span class='ocrx_word' id='word_1_272' title='bbox 848 2786 1174 2840; x_wconf 86' lang='lat' dir='ltr'>angustioribus</span> <span class='ocrx_word' id='word_1_273' title='bbox 1206 2786 1525 2831; x_wconf 87' lang='lat' dir='ltr'>sublinearibus</span> <span class='ocrx_word' id='word_1_274' title='bbox 1561 2804 1640 2831; x_wconf 90' lang='lat' dir='ltr'>nu-</span> 
     </span>
     <span class='ocr_line' id='line_1_38' title="bbox 218 2850 531 2893; baseline -0.003 0"><span class='ocrx_word' id='word_1_275' title='bbox 218 2850 531 2893; x_wconf 88' lang='lat' dir='ltr'>merosissimis.</span> 
     </span>
    </p>
   </div>
  </div>
 </body>
</html>
