1762 3036
139 132 219 172 202
769 135 1049 177 GIGARTINEAE.
1429 136 1674 190 Giyartma.

139 246 204 287 36.
238 247 288 288 G.
324 260 624 288 cmcunomcm
655 248 721 302 (J.
755 248 835 302 Ay.
876 252 1007 303 msc-r)
1046 251 1204 303 stipitis
1245 251 1481 293 abbreviati
1516 251 1676 291 ramosi

252 316 384 355 ramis
416 315 706 357 teretiusculis
738 331 837 358 mox
874 318 1158 371 complanatis
1197 320 1388 361 cuneatis
1426 320 1469 360 111
1501 318 1674 360 frondes

247 384 456 438 juveniles
506 387 931 431 cuneato-obovatas„
981 387 1215 429 adultiores
1248 393 1394 429 ovatas
1427 388 1676 429 brevissime

253 452 471 505 stipitatas
503 455 1059 496 carnoso-membranaceas
1092 469 1203 509 szepe
1229 457 1449 501 maximas,
1483 456 1675 508 margine

251 534 405 573 parum
437 521 675 563 incrassato
706 523 866 564 cinctas
900 524 1173 569 abeuntibus,
1206 524 1432 566 frondibus
1455 523 1676 565 sterilibus

252 594 294 630 et
326 589 720 643 sphaerosporiferis
751 591 941 641 laevibus,
975 592 1298 645 gemmidiiferis
1329 606 1405 646 per
1436 597 1573 634 totam
1605 606 1675 633 su-

252 656 470 710 perficiem
501 659 729 714 ipsumque
760 661 1001 712 marginem
1031 660 1267 714 papillosis,
1300 660 1413 702 linea
1443 660 1588 702 latiori
1610 660 1673 701 in-

252 728 578 781 tra-marginali
617 729 787 769 0111111110
820 729 958 777 nudis,
993 729 1167 783 papillis
1199 730 1468 784 cystocarpia
1505 728 1675 782 singula

253 796 414 836 mutica
444 797 706 850 gerentibus.
739 797 791 839 G.
823 798 983 840 radulfo
1015 799 1137 840 Amet.
1169 799 1310 851 quoad
1339 812 1401 851 sp.
1435 813 1475 840 fn.
1507 798 1593 839 Zel.

317 863 426 905 Hal).
460 865 514 905 ad
548 879 644 906 oras
677 865 806 908 Novae
838 866 1053 908 Zelandioe
1085 871 1128 907 et
1159 866 1327 907 Insulas
1359 865 1560 907 Chatam!

229 943 354 978 Primo
380 944 523 979 intuitu
549 945 633 991 Gig.
659 946 803 980 radulae
830 957 933 980 incra
957 946 1077 980 forma
1110 946 1317 981 videretur.
1368 945 1592 980 Accuratius
1618 945 1673 979 in-

140 1003 270 1046 specta
297 1002 442 1046 species
468 1002 623 1046 propria
647 1004 806 1047 analoga
833 1002 912 1036 sine
940 1003 1053 1037 dubio
1080 1003 1357 1037 consideretur.
1407 1002 1595 1036 Differunt
1618 1002 1674 1036 ni-

138 1057 274 1091 mirum
302 1060 340 1092 et
364 1058 484 1093 forma
508 1059 652 1093 frondis
681 1062 719 1093 et
751 1059 1000 1103 dispositione
1039 1060 1374 1104 cystocarpiorum.
1426 1058 1578 1103 Species
1617 1070 1675 1092 ca-

138 1114 267 1159 pensis
294 1116 352 1148 est
378 1118 442 1148 aut
474 1115 627 1151 brevior
666 1118 703 1150 et
739 1115 860 1160 magis
898 1116 1069 1160 elliptica
1105 1120 1170 1149 aut
1207 1116 1384 1160 elongata
1420 1118 1458 1149 et
1495 1115 1675 1160 oblonga:

137 1170 244 1206 Nova
269 1171 474 1206 Zelandica
500 1175 559 1206 est
580 1172 762 1217 juvenilis
789 1174 950 1207 obovata
976 1176 1013 1206 et
1039 1173 1077 1206 in
1105 1172 1277 1217 stipitem
1308 1172 1379 1206 hac
1411 1174 1526 1206 aetate
1553 1172 1675 1217 longi-

138 1239 241 1262 orem
268 1229 380 1274 longe
407 1232 619 1265 attenuata:
646 1230 749 1264 frons
778 1241 867 1264 vero
894 1230 931 1264 in
957 1233 1064 1274 parte
1097 1229 1267 1264 inferiori
1295 1229 1413 1264 multo
1439 1229 1560 1274 magis
1587 1228 1671 1263 lati-

138 1285 271 1319 tudine
299 1286 501 1330 adcrescit,
529 1290 567 1321 et
593 1287 636 1321 tit
660 1287 730 1322 1100
756 1288 865 1322 1110110
885 1288 1034 1321 demum
1053 1287 1239 1321 latissime
1259 1290 1382 1330 ovata,
1403 1286 1533 1330 stipite
1551 1286 1672 1320 brevi.

140 1342 386 1389 Cystocarpia
410 1344 449 1377 in
477 1345 607 1389 stipite
625 1344 850 1379 brevissimo
869 1344 1087 1387 rotundata,
1115 1345 1160 1379 ab
1185 1344 1270 1390 ipsa
1287 1344 1427 1389 pagina
1445 1346 1481 1377 et
1500 1342 1673 1389 margine

139 1400 379 1435 subfiliformi
405 1413 535 1446 parum
564 1402 712 1436 elevato
739 1404 939 1446 emergunt
975 1401 1157 1446 plurima3
1195 1402 1298 1435 intra
1334 1401 1545 1446 marginem
1584 1411 1672 1434 vero

139 1458 303 1502 spatium
330 1459 439 1493 adest
466 1458 610 1502 sterile,
636 1458 694 1493 bis
721 1459 841 1492 lineas
870 1458 947 1492 fere
974 1459 1105 1501 latum,
1141 1459 1254 1502 quod,
1281 1470 1301 1492 a
1327 1458 1457 1503 stipite
1484 1468 1601 1501 usque
1627 1457 1673 1491 ad

138 1514 296 1559 apicem,
324 1515 469 1550 discum
494 1515 661 1550 fertilem
690 1520 728 1549 ct
754 1516 878 1560 ipsum
904 1515 1115 1560 marginem
1140 1515 1389 1560 cystocarpiis
1416 1518 1592 1550 ornatum
1618 1525 1674 1547 se-

137 1575 259 1617 parat.
309 1573 350 1606 In
377 1573 601 1616 quibusdam
628 1572 670 1607 G.
696 1572 840 1607 radulae
873 1572 1001 1607 formis
1041 1573 1168 1607 eadem
1209 1573 1360 1607 videtur
1398 1572 1609 1615 tendentia,
1637 1574 1675 1606 at

136 1631 240 1665 intra
264 1631 473 1676 marginale
501 1631 663 1675 spatium
691 1642 841 1676 sempor
867 1631 985 1666 multo
1013 1630 1225 1676 angustius,
1255 1641 1323 1665 nec
1349 1630 1403 1664 ita
1428 1632 1606 1665 constans
1632 1641 1674 1663 ac

138 1688 177 1722 in
204 1689 330 1733 specie
356 1689 472 1723 Novae
500 1689 707 1732 Zelandiae,
734 1689 838 1733 cujus
866 1689 903 1722 in
930 1689 1104 1733 plurimis
1132 1700 1214 1732 1111εο
1235 1688 1436 1723 observavi
1456 1686 1672 1733 specimini-

138 1745 249 1780 nibus
276 1745 535 1779 characterem
562 1757 764 1789 numquam
790 1758 864 1780 non
891 1749 1131 1780 constantem
1158 1745 1248 1780 vidi.

139 1829 203 1869 37.
235 1828 283 1870 G.
316 1842 477 1869 RADULA
509 1828 639 1882 (Esp.
670 1829 775 1870 icon.
814 1829 895 1870 tab.
929 1830 1028 1883 113)
1061 1828 1222 1870 surculi
1269 1841 1374 1881 vage
1413 1827 1570 1868 ramosi
1601 1840 1671 1868 ra-

250 1897 330 1937 mis
363 1897 655 1938 erectiusculis
686 1896 779 1938 basi
811 1896 1091 1950 cylindraceis
1137 1910 1235 1938 mox
1280 1895 1551 1949 spathulatis,
1599 1894 1672 1936 de-

138 2038 215 2070 37a.
244 2035 286 2070 G.
306 2047 533 2071 EXASPERATA
553 2037 673 2080 (Bail.
694 2041 727 2071 et
744 2036 863 2072 Harv.
882 2038 923 2071 in
943 2037 1029 2071 Bot.
1049 2036 1145 2080 eoepl.
1162 2035 1322 2079 Emped.)
1337 2035 1470 2069 fronde
1486 2035 1674 2080 stipitata,

229 2092 361 2137 stipite
387 2093 426 2126 in
452 2093 625 2128 frondem
653 2093 1169 2128 coriaceo-membranaceam
1195 2092 1446 2126 lanceolatam
1483 2091 1673 2136 integram

229 2148 400 2194 margine
426 2149 676 2184 incrassatam
703 2149 1027 2184 eroso-dentatam
1054 2152 1092 2182 ct
1116 2147 1255 2182 lobulis
1294 2147 1455 2182 obsitam
1494 2159 1672 2192 expanso,

230 2209 389 2250 utraque
415 2206 555 2251 pagina
581 2206 742 2250 spinulis
770 2206 1006 2251 simplicibus
1033 2208 1097 2239 aut
1123 2205 1280 2240 ramosis
1319 2204 1672 2249 conceptaculiferis

230 2275 376 2308 aspera.
404 2263 524 2298 Harv.
551 2263 642 2297 Ner.
670 2263 762 2298 Bor.
795 2264 875 2297 Am.
897 2275 936 2307 2).
965 2264 1040 2296 177.
1090 2262 1362 2307 Fragmentum
1396 2261 1580 2306 juvenile,
1618 2263 1671 2294 te-

229 2320 375 2355 nuitate
401 2319 546 2354 frondis
574 2323 613 2354 et
639 2319 799 2365 spinulis
827 2319 945 2354 acutis
972 2330 1161 2363 asperum,
1187 2321 1335 2353 tantum
1360 2318 1451 2353 vidi.

403 2377 462 2412 Ad
488 2377 742 2412 Californiam.

137 2458 217 2492 3711.
246 2457 288 2491 (4.
316 2468 552 2491 conrMmFERA
581 2456 713 2499 (Kritz.
734 2457 804 2492 tab.
828 2457 940 2501 Phyc.
974 2457 1051 2491 Vol.
1073 2456 1202 2490 XVII
1214 2457 1283 2491 tab.
1303 2457 1376 2498 46),
1396 2467 1505 2499 quam
1522 2455 1672 2498 Harvey

238 2514 327 2549 Ner.
354 2514 440 2549 Bor.
466 2515 594 2548 Amer.
622 2527 657 2559 p.
684 2515 749 2548 178
776 2525 859 2548 cum
886 2514 927 2548 G.
952 2514 1084 2548 radula
1101 2514 1306 2548 identicam
1326 2513 1537 2557 contendit,
1555 2514 1674 2548 forma

231 2571 377 2605 frondis
404 2574 442 2605 et
467 2570 652 2605 fructibus
680 2582 698 2604 a
726 2571 850 2615 specie
879 2571 1038 2614 Capensi
1072 2570 1196 2604 aliena
1226 2570 1319 2604 mihi
1346 2570 1508 2604 videtur.
1558 2571 1601 2603 In
1628 2570 1670 2603 G.
1724 2570 1730 2573 ’

230 2627 363 2661 radula
388 2639 477 2661 vera
502 2627 739 2672 cystocarpia
762 2627 800 2661 in
828 2626 959 2671 stipite
985 2626 1210 2661 brevissimo
1238 2627 1345 2670 (ipsis
1364 2627 1555 2669 breviore)
1576 2638 1671 2660 scm-

231 2696 299 2729 pcr
325 2684 513 2727 solitaria3
539 2683 578 2717 in
605 2684 647 2718 G.
675 2683 925 2728 corymbifera
950 2683 987 2716 111
1015 2683 1209 2729 stipitibus
1237 2683 1423 2728 elongatis
1451 2687 1488 2716 et
1514 2682 1671 2717 ramosis

232 2742 342 2786 plura
367 2753 387 2775 a
411 2741 617 2787 Kiitzingio
643 2741 915 2786 depinguntur.
964 2741 1062 2775 Hinc
1097 2742 1242 2786 species
1270 2741 1312 2776 G.
1339 2741 1482 2775 radulae
1511 2740 1672 2786 analoga

232 2802 272 2833 at
296 2798 479 2833 distincta
503 2798 585 2833 haec
611 2810 760 2842 qnoque
787 2798 848 2832 sit.

405 2855 463 2889 Ad
490 2854 744 2890 Californiam.
