1762 3036
166 123 219 164 76
826 129 1062 173 CERAMOEAE.
1529 136 1703 181 Ptilota.

167 238 203 278 5.
236 237 306 279 PT.
338 253 518 282 rincum
539 240 606 295 (J.
631 241 713 296 Ay.
735 247 876 298 mser.)
898 243 1063 288 frondis
1086 246 1585 304 decomposito-pinnatae
1607 251 1703 304 pin-

278 307 345 348 nis
376 308 420 349 in
451 309 625 351 rachide
647 312 834 365 ancipite
856 315 1074 367 oppositis,
1098 318 1285 370 utraque
1306 319 1582 363 conformiter
1601 334 1701 374 par-

276 376 370 426 tita,
403 391 490 418 una
519 378 686 432 majori,
719 379 858 422 altera
889 382 1057 433 minori,
1092 384 1325 438 majoribus
1355 387 1399 428 in
1429 389 1606 431 rachide
1638 390 1701 432 al-

275 445 561 495 ternantibus,
594 445 683 488 fere
705 461 731 488 a
751 449 845 490 basi
865 449 1084 504 plumosis,
1117 453 1316 506 pinnellis
1346 454 1500 498 lineari
1531 458 1700 501 lanceo-

277 512 377 553 latis
408 509 864 569 celluloso-corticatis,
913 520 1222 574 sphaerosporis
1268 523 1311 564 in
1350 524 1530 577 pinnula
1560 531 1700 570 trans-

276 580 464 622 formata
496 583 616 636 apice
648 586 982 641 subcorymbosa
1006 589 1119 631 inter
1140 589 1214 631 fila
1235 591 1511 635 circumcirca
1533 596 1701 638 evoluta

274 651 543 694 conniventia
595 653 863 697 involucrum
915 658 1166 700 mentientia
1209 659 1425 713 pellucida
1469 664 1702 708 articulata

272 720 601 773 monosiphonia
633 722 864 777 dispositis,
896 725 1078 772 favellis.
1111 760 1118 767 .
1153 762 1161 769 .
1193 763 1200 770 .

422 787 472 829 In
504 788 672 832 Oceano
703 792 880 846 pacifico
910 794 965 835 ad
996 795 1188 838 Insulam
1217 797 1479 841 Vancouver.

248 865 436 902 Proximis
465 868 663 914 speciebus
690 873 894 918 robustior,
920 874 1049 919 pinnis
1075 875 1153 910 fere
1173 888 1193 911 a
1210 877 1292 912 basi
1317 879 1494 924 pinnulas
1521 881 1698 918 emitten-

158 921 275 967 tibus,
300 924 560 971 pinnellisque
585 928 736 974 longius
763 931 956 967 corticatis
984 944 1092 976 quam
1119 933 1158 969 in
1182 935 1242 971 Pt.
1269 937 1453 983 plumosa,
1481 939 1548 974 sed
1565 941 1697 985 praeci-

156 991 230 1024 pue
257 981 609 1028 sphaerosporarum
636 985 887 1032 dispositione
913 989 1108 1026 distincta.

154 1123 208 1164 ΙΙ.
245 1122 401 1167 Ρίηηὶε
432 1128 638 1179 oppositis
670 1129 952 1183 dzjfformsibua
996 1146 1084 1175 una
1119 1134 1364 1189 foliisormi
1407 1152 1489 1181 non
1518 1140 1698 1184 ulterius

267 1196 512 1247 composita,
542 1196 679 1239 altera
710 1201 966 1251 compesci&
1008 1205 1254 1255 compositis
1284 1206 1330 1248 in
1360 1207 1531 1251 rachide
1570 1209 1696 1252 alter-

264 1264 478 1306 nantibus.

567 1359 586 1380 ⁹⁵
622 1359 781 1403 Pmms
811 1362 1022 1405 evidenter
1052 1366 1274 1418 oppositis.

153 1449 190 1489 6.
222 1448 292 1490 ΡΤ.
327 1463 505 1492 SERRATA
536 1452 692 1506 (Kissa.
727 1454 826 1496 Bot.
861 1455 966 1498 Zea.
1000 1458 1119 1499 1847.
1141 1473 1189 1512 p.
1221 1461 1307 1516 36.)
1338 1460 1502 1504 frondis
1525 1463 1694 1507 decom-

265 1517 621 1572 posito-pinnatae
651 1522 795 1575 pinnis
817 1524 860 1565 in
881 1525 1057 1567 rachide
1079 1528 1265 1581 ancipite
1296 1529 1414 1571 alata
1445 1532 1695 1575 subcostata

266 1587 472 1640 oppositis
504 1588 806 1643 inaequalibus,
838 1607 926 1634 una
957 1594 1138 1648 simplici
1183 1597 1521 1651 inciso-serrata,
1553 1602 1694 1644 altera

267 1655 621 1710 pinnati—partita
651 1658 748 1712 plus
788 1661 928 1703 minus
975 1664 1222 1716 composita,
1269 1668 1518 1720 compositis
1548 1669 1692 1712 in‘ra-

265 1723 388 1765 chide
428 1724 759 1779 alternantibus,
806 1728 900 1770 basi
944 1730 1211 1774 nudiusculis
1256 1747 1440 1787 superne
1471 1736 1690 1790 plumosis,

263 1793 466 1846 pinnellis
498 1808 523 1836 a
554 1796 648 1837 basi
679 1797 834 1839 latiore
865 1799 1294 1843 lineari-lanceolatis
1333 1803 1690 1848 celluloso-corti-

262 1863 382 1915 catis,
416 1864 728 1919 spliaerosporis
760 1867 815 1908 ad
847 1868 1012 1921 apicem
1044 1871 1319 1913 subconicum
1352 1873 1542 1926 pinnulae
1565 1877 1689 1929 quasi

269 1932 509 1986 spongiosae
540 1934 653 1975 inter
682 1934 772 1976 filia
803 1936 969 1977 minuta
1000 1937 1230 1980 articulata
1265 1940 1689 1997 subulato-rigidius-

266 1999 364 2041 cula
395 2000 589 2049 evolutis,
622 2002 787 2044 favellis
819 2004 1110 2057 involucratis,
1156 2007 1314 2062 phyllis
1351 2009 1687 2054 involucralibus

268 2069 409 2122 planis
455 2071 650 2124 margine
696 2074 886 2114 serratis.
932 2074 977 2116 J.
1009 2075 1090 2128 Ass.
1129 2076 1201 2130 Sp.
1231 2091 1279 2130 p.
1316 2079 1380 2119 96.
1430 2079 1560 2122 Kritz.
1606 2082 1687 2124 tab.

262 2137 398 2191 Phyc.
443 2138 531 2180 Vol.
570 2139 685 2182 XII.
718 2142 800 2183 tal).
834 2143 898 2183 55.

315 2206 365 2248 ln
396 2206 564 2250 Oceano
597 2210 757 2251 arctico
789 2209 843 2251 ad
875 2211 1023 2253 littora
1052 2212 1238 2268 Europae
1271 2218 1313 2257 et
1343 2215 1563 2260 Americae.

145 2299 181 2339 7.
214 2297 284 2339 ΡΤ.
318 2299 560 2341 HYPNOIDES
606 2301 763 2352 (Harv.
795 2317 864 2356 ay).
905 2303 1094 2359 Beeclzey
1151 2306 1248 2361 Vogs.
1277 2322 1326 2361 2).
1360 2310 1473 2366 164.)
1519 2310 1684 2354 frondis

256 2368 704 2421 composito-pinnatae
736 2370 877 2423 pinnis
907 2372 950 2413 in
982 2373 1158 2416 rachide
1189 2376 1517 2429 ancipite-alata
1551 2393 1681 2433 oppo-

255 2436 348 2477 sitis
380 2436 681 2490 inaequalibus,
713 2452 800 2480 una
829 2440 1012 2482 indivisa
1042 2441 1262 2485 foliiformi
1295 2446 1683 2490 ovato-lanceolata

254 2505 503 2546 acuminata
533 2505 824 2559 integerrima,
857 2508 997 2550 altera
1027 2511 1373 2564 pinnatipartita,
1396 2514 1595 2566 pinnellis
1616 2516 1681 2558 fo-

255 2572 514 2616 liiformibus
560 2575 786 2627 cellulosis,
834 2578 1143 2632 sphaerosporis
1189 2581 1244 2621 ad
1291 2582 1454 2635 apicem
1491 2584 1679 2636 pinnulae

254 2641 575 2684 transformatae
608 2644 886 2687 circumcirca
917 2646 1182 2689 densissimis
1212 2650 1256 2690 in
1287 2651 1573 2704 glomerulum
1604 2654 1679 2696 ob-

254 2709 431 2764 longum
477 2713 702 2765 congestis,
749 2713 926 2756 favellis.
961 2747 968 2754 .
1003 2747 1010 2754 .
1058 2715 1103 2758 J.
1137 2715 1218 2771 Ay.
1253 2718 1324 2771 Sp.
1347 2733 1396 2772 p.
1430 2720 1493 2760 97.
1541 2721 1678 2764 Ham).

259 2779 358 2820 Ner.
391 2779 498 2822 Bor.
529 2780 671 2823 Amor.
705 2783 773 2825 H.
805 2784 887 2825 tab.
919 2785 1012 2825 220.

403 2848 452 2889 In
484 2849 653 2892 Oceano
683 2850 860 2905 pacifico
892 2852 949 2894 ad
978 2851 1268 2896 Californiam.
