1757 3114
118 134 372 176 Laurencia.
754 132 1018 175 CHONDRIEAE.
1568 136 1643 177 (351

115 246 207 281 muli
234 250 357 281 autem
384 248 549 292 oppositi
575 247 743 282 ramcllis
769 247 1232 291 fasciculam—glomeratis
1259 258 1365 290 aeqne
1385 245 1648 292 decompositi.

117 305 212 340 Tota
236 306 369 350 planta
394 306 586 341 robustior
612 318 722 350 quam
748 306 944 340 Suhriana.
992 305 1052 339 Ad
1077 305 1174 339 hanc
1200 307 1389 350 praeterea
1413 304 1541 339 forsan
1566 317 1650 349 pcr-

116 363 214 396 tinet
247 362 392 406 species
419 375 500 406 quae
527 363 567 397 in
593 362 699 408 Spec.
725 363 856 408 Algar.
890 361 1040 396 nominc
1077 362 1119 395 L.
1147 361 1407 395 canaliculatae
1445 361 1651 405 descripta,

116 424 155 456 at
186 421 467 455 characteribus
504 432 636 465 parum
673 419 971 466 congruentibus
999 431 1044 453 cx
1071 418 1276 464 specimine
1301 419 1398 452 male
1436 422 1650 463 praeparato

119 479 312 523 indicatis,
340 482 379 513 et
404 479 554 513 nomine
580 479 710 523 inepto
735 478 924 512 instructa
948 477 1031 511 fuit.

120 575 182 616 15.
215 574 260 615 L.
295 587 547 615 PANJCULATA
578 572 641 625 (J.
672 572 754 627 Ay.
791 572 860 625 Sp.
884 585 932 625 13.
964 571 1066 626 755)
1097 570 1382 625 pyramidata,
1414 568 1567 611 fronde
1589 571 1652 610 te-

229 642 311 684 reti
343 656 687 696 quoquoversum
718 642 1103 694 pinnato—ramosa,
1126 639 1260 680 ramis
1283 638 1519 693 majoribus
1552 637 1652 679 sub-

233 711 442 764 oppositis
493 709 815 764 patentissimis,
870 708 1080 761 supremis
1133 707 1178 748 in
1231 706 1405 748 rachide
1452 705 1654 759 elongata

230 779 521 821 strictiuscula
558 779 717 832 sparsis
764 777 1162 832 papillaeformibus,
1209 775 1388 817 ramulis
1434 774 1653 817 sterilibus

230 849 455 905 truncatis,
486 847 706 901 sporiferis
737 848 781 888 in
812 861 933 889 ramo
973 846 1224 888 brevissimo
1270 844 1544 895 fasciculatis,
1576 857 1653 897 pa-

232 917 358 970 pillas
389 916 478 958 fere
510 916 807 966 referentibus,
840 915 1122 956 keramidiis.
1154 946 1162 955 .
1196 948 1203 955 .
1237 948 1244 956 .
1278 914 1329 956 L.
1356 913 1655 967 alandulisera

239 986 367 1027 Kritz.
399 985 481 1027 tab.
519 984 647 1038 Phye.
692 984 779 1026 Vol.
815 983 912 1025 XV
937 984 1019 1025 tab.
1054 984 1118 1024 59.

122 1080 161 1107 a.
195 1077 459 1106 GLANDULosA
489 1063 668 1105 ramulis
701 1063 919 1117 ramisque
942 1062 1153 1116 supremis
1175 1061 1559 1116 papillaeformibus
1585 1076 1654 1116 cy-

233 1133 700 1174 lindraceo-truncatis.
743 1132 793 1174 L.
826 1133 1144 1185 patentiramea
1185 1131 1315 1173 Kio'tz‘.
1356 1131 1382 1172 Z.
1413 1144 1445 1172 c.
1477 1130 1558 1172 tab.
1592 1132 1655 1172 59.

122 1214 158 1255 b.
190 1226 477 1255 ssorarocmm
510 1213 641 1253 ramis
673 1212 940 1266 ramulisque
979 1211 1190 1265 supremis
1228 1211 1453 1264 papillosis
1485 1224 1656 1263 compo-

235 1282 329 1323 sitis
360 1280 858 1335 botryoideo-congestis.

235 1351 345 1392 Hab.
377 1351 420 1391 in
451 1351 642 1392 maribus
675 1350 948 1392 calidioribus
980 1349 1199 1402 Europam
1230 1349 1506 1391 alluentibus.

213 1432 256 1464 In
281 1430 411 1465 Indico
436 1441 575 1464 occano
601 1430 782 1464 calidiore
820 1429 929 1464 adest
972 1428 1117 1473 specics
1157 1428 1363 1471 simillima,
1391 1430 1429 1462 at
1454 1427 1575 1462 adhuc
1600 1438 1658 1462 ro-

123 1488 283 1531 bustior,
311 1500 392 1531 (111ῖο
420 1499 466 1521 an
493 1487 645 1521 diversa
672 1487 721 1521 sit
747 1498 792 1520 ex
817 1485 946 1531 paucis
974 1485 1258 1530 speciminibus,
1277 1496 1360 1528 quae
1380 1484 1658 1528 vidi,jndicare

123 1546 187 1580 vix
212 1546 314 1579 licet.
364 1545 454 1578 Haec
478 1544 606 1579 forsan
632 1544 762 1577 cadem
788 1556 870 1587 quae
898 1556 918 1577 a
943 1543 1147 1587 Kutzingio
1174 1542 1279 1586 (Ταῦ.
1320 1542 1432 1586 Plcyc.
1477 1541 1554 1576 Vol.
1584 1541 1661 1575 XV

124 1604 194 1638 tab.
222 1603 280 1648 74)
307 1602 458 1637 nomine
484 1602 525 1636 L.
553 1602 768 1646 Thuyoides
796 1601 947 1646 depicta
971 1600 1054 1635 fuit.

128 1699 189 1739 16.
221 1697 267 1739 L.
299 1711 439 1739 11101οΑ
470 1696 537 1752 (J.
571 1695 651 1749 Ay.
682 1697 828 1752 111301.)
873 1694 1146 1750 pyramidata
1190 1692 1322 1734 livida
1366 1691 1659 1745 cartilaginea,

238 1765 389 1807 fronde
421 1766 546 1807 tereti
579 1777 924 1818 quoquoversum
956 1764 1342 1817 pinnato-ramosa,
1375 1761 1505 1802 ramis
1527 1760 1659 1814 majo-

240 1834 359 1876 ribus
392 1833 680 1886 suboppositis
718 1832 978 1886 patentibus,
1021 1831 1232 1884 supremis
1263 1830 1306 1870 in
1338 1828 1512 1870 rachide
1544 1828 1659 1869 elon-

239 1906 341 1957 gata
362 1902 650 1944 strictiuscula
671 1901 1054 1955 papillaeforniibns
1077 1900 1237 1954 sparsis
1260 1903 1335 1940 aut
1357 1897 1660 1951 suboppositis,

239 1970 417 2012 ramulis
449 1970 667 2012 sterilibus
699 1969 877 2011 clavatis
909 1969 1119 2010 truncatis
1152 1967 1491 2019 distantioribus,
1526 1965 1661 2019 spori-

240 2040 341 2081 feris
372 2039 635 2093 fasciculatis
666 2039 931 2080 densissimis
963 2035 1454 2092 cylindi-aceo-oblongis
1486 2034 1661 2088 rugulo-

242 2109 311 2157 sis,
352 2108 602 2149 keramidiis
649 2107 785 2148 ovatis
831 2107 886 2148 ad
931 2106 1122 2148 ramulos
1155 2105 1329 2159 sparsis.
1363 2105 1414 2147 L.
1437 2104 1663 2157 papillam

240 2191 330 2218 var.
363 2175 501 2218 Harv.
533 2175 632 2229 Azy.
676 2179 812 2217 (matr.
851 2189 937 2217 exs.
973 2189 1042 2217 wo
1074 2175 1166 2215 240.
1200 2174 1250 2216 L.
1283 2173 1541 2227 Botryoz'des
1571 2185 1661 2214 var.

240 2246 377 2286 minor
409 2244 544 2286 Harv.
584 2244 711 2298 Phyc.
743 2247 875 2286 (lustr.
910 2243 1011 2297 Syn.
1042 2257 1111 2286 mo
1144 2243 1223 2284 312
1255 2257 1296 2283 α.

242 2313 352 2355 Hab.
382 2314 427 2354 in
458 2327 616 2355 oceano
646 2312 788 2354 indico
820 2312 1039 2362 calidiore,
1078 2311 1134 2352 ad
1179 2310 1342 2352 Novam
1386 2308 1662 2350 Hollandiam

394 2381 669 2434 superiorem,
702 2380 854 2422 Javam
885 2384 927 2421 et
958 2379 1150 2422 Coream.

221 2462 313 2497 Cum
339 2461 611 2496 ramificationc
638 2464 676 2496 et
700 2461 779 2496 fere
799 2460 1082 2495 characteribus
1103 2459 1144 2493 L.
1164 2457 1390 2501 paniculatae
1412 2455 1664 2491 substantiam

130 2523 169 2554 ct
194 2520 357 2553 colorem
384 2518 426 2552 L.
452 2518 651 2562 papillosae
678 2519 755 2552 fere
793 2517 1004 2562 conjungit,
1042 2519 1169 2550 tamen
1205 2515 1324 2549 multo
1351 2513 1529 2559 gracilior
1554 2525 1665 2557 quam

130 2577 211 2610 hzec
238 2575 395 2619 specics.
446 2574 660 2618 Specimina
684 2575 778 2609 mihi
804 2574 943 2619 typica,
970 2585 988 2608 e
1015 2573 1119 2608 Nova
1150 2572 1353 2607 Hollandia
1379 2571 1574 2614 calidiore,
1600 2570 1664 2603 ha-

130 2635 224 2667 bent
249 2632 414 2666 ramulos
453 2642 646 2675 supremos
686 2643 836 2676 sparsos
868 2631 908 2664 in
934 2630 1089 2664 rachide
1129 2629 1435 2675 supereminente
1473 2628 1663 2671 elongata.

130 2691 198 2725 His
226 2692 350 2723 autem
375 2688 547 2733 proxima
571 2689 662 2722 1111111
689 2689 866 2724 videntur
893 2687 1101 2732 specimina
1125 2687 1363 2731 IIarveyana‚
1388 2686 1545 2721 ramulis
1571 2686 1665 2721 inse-

130 2747 293 2782 rioribus
332 2745 486 2780 densius
523 2745 971 2790 fasciculam-congestis,
1010 2744 1196 2789 supremis
1222 2744 1262 2777 in
1295 2743 1450 2777 rachide
1488 2745 1666 2790 elongata

131 2806 208 2839 fere
235 2803 491 2839 verticillatis.
525 2803 787 2847 Harveyanam
813 2803 981 2846 plantam
1001 2800 1240 2836 enumeravit
1260 2800 1404 2835 Sondcr
1423 2801 1525 2845 (Azy.
1544 2806 1664 2837 austr.

133 2866 225 2906 trop.
249 2872 288 2906 2).
316 2860 374 2905 21)
402 2859 549 2904 adjecto
576 2871 781 2904 synonymo
814 2859 858 2894 L.
898 2859 1118 2904 Botryoides
1153 2868 1232 2893 var.
1259 2857 1423 2902 capitata
1449 2857 1564 2894 Kutz.
1593 2860 1664 2897 tab,
