1762 3036
143 123 222 162 162
707 121 1105 165 CRYPTONEMIACEAE.
1376 124 1676 178 Gryptmwma.

252 234 369 275 ribus
402 236 688 289 integerrimis
721 237 1008 278 obtusissimis
1041 249 1152 289 saepe
1185 237 1481 291 strangulatis,
1505 253 1530 280 a
1553 240 1678 281 stric-

251 307 352 343 tura
382 307 424 344 et
455 304 572 345 111300
602 303 957 357 prolificantibus,
1005 304 1316 357 spliaerosporis
1362 306 1407 347 in
1438 321 1583 348 sorum
1614 308 1679 349 in-

252 371 320 413 fra
350 373 492 425 apices
524 377 845 427 segmentorum
875 373 1159 414 rotundatum
1190 373 1392 416 collectis.
1424 375 1470 417 J.
1492 375 1573 428 Aa.
1608 377 1680 429 Sp.

244 454 290 492 2).
322 441 416 481 225.
449 440 560 482 Emi.
592 442 825 483 dichotoma
863 442 993 483 Kritz.
1026 441 1108 483 tab.
1142 441 1272 495 Phyc.
1307 443 1395 490 Vol.
1422 443 1581 487 XVII
1596 446 1680 491 tab.

252 510 317 549 72.
364 508 627 551 Aerodz'seus
670 510 906 552 Vidovdclzfiz·
938 510 1132 552 Zamard.
1165 511 1269 552 Icon
1299 511 1464 554 Adr‘z'at
1492 514 1574 554 tab.
1607 513 1678 554 69!

403 588 453 628 In
483 588 799 631 mediterraneo
831 593 873 631 et
904 589 1128 631 adriatico.

227 681 269 714 Iu
295 692 409 725 opere
436 681 590 716 laudato
618 682 696 716 Cel.
724 681 933 716 Zanardini
959 693 1018 715 me
1045 681 1239 726 vituperat
1264 682 1364 725 quod
1390 694 1527 716 nomen
1553 683 1681 717 Mene-

137 737 359 783 ghinianum
385 738 527 783 plantae
554 737 593 772 in
619 741 691 773 act.
721 739 909 783 Congress
928 739 1027 782 Ital„
1047 750 1129 782 quae
1149 739 1320 773 Florent.
1349 739 1454 783 Sept.
1481 740 1569 773 1841
1595 740 1680 784 fuit,

136 797 205 830 sub
231 795 383 830 nomine
411 796 579 830 Chondri
605 795 821 831 Vidovichii
847 795 1066 841 descriptae,
1096 799 1229 831 nostro
1248 797 1287 830 in
1306 798 1393 842 Alg.
1414 798 1562 841 medit.,
1583 809 1680 833 anno

135 853 225 886 1842
238 851 487 897 publicijuris
502 852 602 887 facto
617 865 691 888 non
706 853 1002 898 anteposuerim,
1017 865 1131 897 quum
1141 853 1219 897 jam
1233 853 1272 887 in
1288 854 1427 900 Saggio
1443 866 1523 898 suo,
1539 854 1680 889 VeneZ.

137 911 241 954 1843,
273 914 474 955 utramque
500 911 672 955 plantam
697 911 904 946 identicam
931 922 1014 945 esse
1041 910 1184 945 dixerit
1215 911 1435 956 Zanardini‚
1462 915 1500 946 et
1523 912 1594 946 hac
1619 924 1680 946 au-

139 968 320 1002 ctoritate
339 967 459 1002 fretus
479 968 561 1012 ipse
580 979 718 1002 nomen
735 967 1074 1013 Meneghinianum
1093 971 1135 1002 ut
1161 980 1293 1013 synon.
1320 972 1462 1004 nostrae
1481 970 1622 1014 plantae
1641 970 1681 1003 in

137 1024 199 1069 Sp.
226 1025 313 1070 Alg.
339 1024 632 1059 introduxerim.
681 1024 778 1058 Pace
804 1035 895 1059 vero
933 1024 1027 1059 Celti
1064 1024 1136 1059 viri
1176 1025 1338 1059 dixerim
1374 1037 1434 1060 me
1473 1027 1541 1061 sub
1567 1027 1682 1071 longo

135 1081 319 1125 temporis
347 1081 485 1126 sputio,
513 1093 585 1124 quo
610 1081 650 1115 in
678 1081 804 1115 studio
830 1082 1013 1127 Algarum
1040 1084 1214 1116 versatus
1249 1094 1343 1126 sum,
1375 1083 1526 1127 plantas
1560 1082 1681 1117 subsi-

136 1138 247 1173 miles
286 1138 497 1183 saepissime
536 1137 710 1172 confusas
748 1138 905 1182 vidisse,
933 1142 971 1172 et
996 1139 1066 1172 hac
1093 1139 1226 1173 doctus
1265 1139 1506 1184 experientia
1541 1151 1678 1174 nomen

137 1198 284 1229 certum
309 1208 378 1240 pro
404 1195 519 1230 dubio
546 1207 696 1240 semper
729 1196 975 1230 retinendum
1000 1196 1145 1241 putavi.
1195 1197 1419 1242 Meneghini
1446 1209 1550 1231 suam
1575 1198 1681 1242 plan-

135 1255 214 1286 tam
242 1252 419 1286 Chondro
445 1252 581 1286 retulit
609 1256 647 1287 et
673 1253 972 1297 descriptionem
1009 1253 1128 1296 dedit,
1166 1265 1248 1297 quae
1287 1254 1327 1288 in
1352 1255 1481 1299 plures
1511 1254 1680 1289 diversas

137 1309 283 1354 species
308 1308 419 1342 facile
446 1309 663 1353 quadraret.
716 1310 941 1354 Comparata
967 1309 1225 1354 descriptione
1252 1311 1299 1345 ab
1324 1311 1407 1355 ipso
1433 1311 1680 1357 Meneghinio

138 1365 243 1400 data:
270 1365 423 1400 ”fronde
443 1365 611 1400 filiformi
634 1377 852 1411 compressa
871 1366 1106 1401 dichotoma’'
1126 1369 1165 1400 et
1184 1367 1357 1412 diagnosi
1384 1367 1680 1402 Zanardiniana:

137 1423 291 1457 ‘fronde
318 1423 382 1457 vix
409 1423 587 1467 stipitata
612 1423 1032 1458 cuneato—dichotomff
1057 1426 1256 1467 utramque
1281 1424 1451 1468 plantam
1475 1424 1681 1458 identicam

136 1479 200 1514 vix
225 1479 449 1524 crediderit,
488 1480 714 1524 quicumque
755 1491 837 1514 cum
877 1480 1135 1525 descriptione
1172 1480 1228 1515 ita
1265 1481 1355 1515 data
1384 1481 1682 1528 Meneghiniana

135 1538 273 1572 formas
299 1538 537 1582 Halymeniae
564 1538 766 1573 nicaeensis
795 1550 941 1583 quoque
969 1550 1187 1584 comparare
1213 1540 1390 1575 voluerit.
1442 1541 1550 1575 Suam
1575 1542 1681 1586 plan·
1705 1567 1707 1569 .

136 1599 212 1630 tam
239 1596 463 1642 Meneghini
489 1597 570 1641 ipse
597 1597 646 1631 ad
669 1596 916 1642 Kutzingium
947 1597 1099 1632 nomine
1126 1598 1222 1632 Euh.
1251 1598 1476 1633 dichotomae
1508 1610 1586 1633 var.
1618 1599 1684 1633 Vi-

137 1653 305 1688 dovichii
341 1654 513 1688 mississe
552 1654 722 1689 videtur:
760 1657 801 1688 et
836 1654 919 1688 haec
945 1654 1154 1698 specimina
1180 1666 1200 1688 a
1225 1655 1335 1689 Kritz.
1361 1657 1438 1691 tab.
1464 1655 1579 1700 Phyc.
1606 1657 1680 1691 vol.

136 1709 241 1744 XVII
266 1711 344 1745 tab.
370 1711 414 1744 42
441 1711 608 1756 depicta,
634 1711 739 1744 nulla
764 1711 852 1745 data
878 1711 1037 1756 analysi,
1064 1712 1199 1746 saltem
1237 1724 1343 1756 aeque
1381 1713 1478 1747 bene
1502 1713 1680 1757 Halyme-

136 1767 238 1801 niam
263 1767 502 1802 Nicaeensem
529 1779 582 1801 ac.
612 1768 671 1802 Cr.
699 1767 955 1802 diehotomam
985 1768 1166 1803 referant.
1217 1769 1254 1803 Si
1280 1769 1362 1803 haec
1394 1769 1601 1814 specimina
1633 1771 1680 1805 ad

137 1827 307 1858 nostram
333 1825 504 1869 plantam
530 1827 659 1858 tamen
689 1836 825 1859 revera
854 1824 1110 1869 pertinerent,
1146 1826 1274 1871 potius
1313 1829 1455 1861 statum
1491 1828 1679 1871 quendam

138 1880 385 1926 peculiarem,
412 1893 523 1925 quam
548 1882 719 1926 plantam
747 1881 913 1926 typicam
937 1885 1166 1917 monstrant.

137 1974 175 2014 2.
207 1971 277 2014 Ca.
312 1986 512 2014 LIGULATA
543 1973 705 2027 (Harv.
738 1973 837 2028 Azy.
871 1973 983 2028 Geyl.
1015 1989 1100 2017 eccs.
1121 1989 1191 2017 wo
1214 1977 1288 2031 50)
1311 1976 1557 2019 subacaulis
1583 1991 1677 2019 000-

254 2046 381 2093 stata,
414 2041 567 2083 fronde
599 2042 753 2084 lineari
783 2043 1032 2085 dichotoma
1068 2044 1327 2098 papillisque
1363 2046 1677 2099 marginalibus

251 2111 409 2152 sensim
446 2111 489 2151 in
519 2111 667 2165 phylla
698 2112 931 2164 segmentis
963 2112 1284 2154 subconformia
1314 2115 1676 2162 excrescentibus,

250 2180 464 2232 pinnatim
495 2180 665 2221 seriatis
688 2181 836 2232 obsita,
860 2181 969 2222 soris
992 2180 1391 2235 sphaerosporarum
1414 2183 1458 2224 in
1480 2197 1674 2237 segmen-

254 2248 310 2288 tis
341 2247 643 2290 terminalibus
665 2247 910 2302 phyllisque
943 2249 1124 2290 evolutis
1157 2249 1369 2304 elongatis
1399 2252 1678 2306 intramargi-

250 2314 435 2357 nalibus.
481 2315 837 2369 Gynmoyonyrus
883 2316 1087 2369 Zigyulatus
1135 2316 1273 2360 Harax
1306 2319 1331 2360 Z.
1364 2334 1394 2360 c.
1431 2320 1560 2362 Kritz.
1593 2321 1676 2362 tal».

258 2383 386 2438 Phyc.
431 2383 518 2425 Vol.
556 2384 685 2426 XIX
711 2385 792 2427 tab.
833 2386 897 2427 63.
931 2385 1091 2428 Gratel.
1128 2389 1398 2441 emmfflfnata
1433 2388 1562 2430 Kiete.
1595 2390 1677 2431 tab.

258 2452 392 2506 Phyc.
436 2452 523 2494 Vol.
560 2453 719 2495 XVII
744 2454 825 2495 tab.
858 2454 941 2495 29?

404 2532 516 2575 Hab.
549 2534 604 2575 ad
637 2533 882 2589 Ceylonam.

229 2612 307 2647 Nec
334 2615 528 2646 structura
552 2612 712 2657 frondis,
746 2625 815 2648 nec
842 2614 1115 2660 sphaerosporae
1143 2618 1232 2650 sunt
1257 2615 1554 2662 Gymnogongri.
1602 2617 1674 2651 Ha-

138 2668 241 2704 bitus
267 2669 388 2714 magis
413 2669 665 2704 Prionitidem
690 2671 823 2715 refert,
851 2674 889 2705 et
905 2671 1015 2705 facile
1034 2672 1117 2716 quis
1136 2673 1332 2717 putaverit
1351 2673 1540 2718 Sphaeroc.
1560 2674 1675 2709 011011-

141 2726 383 2771 drophyllum
408 2727 538 2772 Boryi,
565 2739 675 2771 quem
703 2728 749 2762 ad
775 2728 1025 2764 Prionitidem
1057 2730 1251 2774 pertinere
1284 2730 1443 2775 credidi,
1470 2732 1516 2765 ad
1543 2732 1602 2766 Cr.
1631 2732 1675 2766 li-

140 2784 309 2826 gulatam
335 2784 592 2819 revocandum
619 2796 714 2819 esse.
765 2785 1052 2831 Fragmentum,
1079 2787 1178 2830 quod
1204 2787 1297 2832 vidi,
1322 2789 1504 2832 Boryanae
1531 2789 1673 2833 plantae

140 2838 257 2874 habet
283 2843 482 2885 segmenta
508 2841 619 2885 paulo
639 2842 861 2887 angustiora
879 2854 989 2885 quam
1009 2843 1216 2888 specimina
1240 2843 1481 2888 Harveyana,
1510 2847 1674 2880 structu-
