1757 3114
67 135 266 179 Desmia.
653 135 1037 176 Rnommmcffl.
1521 139 1601 179 355

64 249 156 300 Quo
187 249 423 291 adultiores
454 247 652 297 nucleoli,
685 262 733 289 eo
765 248 985 290 densiores
1023 249 1247 302 magisque
1294 249 1599 302 adproximati,

63 319 108 359 in
138 319 337 360 nucleum
369 319 655 371 compositum
687 318 859 359 demum
890 318 1015 371 quasi
1046 318 1343 360 coalescentes.

177 386 419 440 Specimina
449 386 776 434 Herbariorum,
810 387 965 439 saepius
997 400 1081 427 non
1108 387 1340 428 admodum
1362 387 1469 429 bene
1491 401 1600 440 pree-

64 459 233 507 parata,
256 453 459 495 facillime
481 454 784 504 dissolvuntur,
807 442 849 495 et
870 467 921 495 ex
942 453 1008 494 his
1031 453 1224 495 dissectis
1247 458 1467 497 structura
1487 455 1602 497 fruc—

62 527 132 565 tus
154 537 238 565 non
259 522 385 564 facile
406 523 678 576 intelligitur.
720 523 934 576 Nuperius
957 523 1192 576 specimina
1213 524 1418 566 Ochtodis
1450 538 1600 578 pauca,

63 592 218 633 melius
250 592 485 633 constituta
516 592 613 636 vidi.
646 595 688 633 et
719 606 770 633 ex
801 591 868 633 his
899 591 1072 632 demum
1112 593 1267 634 idaeam
1297 594 1465 636 fructus
1496 593 1601 635 mihi

63 660 225 701 claram
257 660 440 701 reddere
471 660 599 701 valui.
643 660 825 701 Desmiae
857 659 1069 702 fructibus
1097 661 1196 703 dein
1217 663 1478 716 comparatis
1500 676 1600 705 ean-

62 729 157 770 dem
190 730 362 770 omnino
394 733 658 770 structuram
691 730 735 770 in
765 730 831 770 his
863 743 953 771 esse
985 731 1171 784 percepi.
1214 732 1416 787 Kiitzing,
1450 733 1524 786 qui
1556 733 1600 773 111

61 798 212 840 ultimo
243 813 319 840 suo
351 811 478 851 opere
510 798 641 852 (Tab.
694 798 820 851 Phys.
880 797 966 839 Vol.
1018 798 1177 841 XVII
1217 800 1299 842 tab.
1332 802 1402 853 95)
1433 800 1600 843 fructus

62 869 325 908 structuram
357 880 442 907 non
473 866 714 907 absimilem
746 866 895 919 pinxit,
928 866 1103 909 nucleos
1150 868 1398 910 antheridia
1442 871 1599 912 consti-

61 937 182 975 tuere
214 934 455 987 suspicatus
487 938 563 975 est.
624 934 813 975 Nimium
839 934 1045 988 juvenilia
1075 938 1344 990 cystocarpia
1373 937 1601 979 observata

60 1001 190 1044 fuisse
211 1006 329 1056 puto,
353 1006 527 1043 matura
549 1016 645 1043 cum
667 1002 752 1043 illis
774 1002 1199 1058 Rhodophyllearum
1232 1009 1299 1046 sat
1330 1007 1599 1047 conveniunt.

175 1070 253 1112 Est
282 1070 325 1111 111
356 1070 530 1111 Desmia
562 1070 713 1111 modus
746 1071 965 1112 crescendi
987 1077 1055 1113 sat
1074 1073 1266 1127 insignis.
1307 1075 1599 1117 Increscentes

62 1139 264 1180 nimirum
296 1139 437 1191 apices
470 1143 570 1180 sunt
601 1153 626 1180 a
657 1139 815 1193 pagina
854 1139 1127 1192 planiuscula
1164 1143 1396 1191 incurvati,
1428 1158 1454 1185 a
1486 1157 1599 1185 mar—

61 1209 160 1262 gine
192 1223 361 1250 ramum
394 1213 615 1262 generant,
648 1209 721 1262 qui
752 1223 864 1250 nunc
894 1210 1061 1252 ambitu
1106 1210 1194 1252 fere
1240 1211 1442 1254 definitus
1488 1227 1599 1266 saepe

61 1277 382 1320 obtusiusculus
409 1277 499 1331 jam
532 1277 586 1319 ab
618 1278 739 1318 initio
770 1277 926 1330 prodit,
965 1294 1076 1320 nunc
1112 1279 1180 1321 hic
1211 1295 1384 1335 quoque
1415 1281 1599 1323 ulterius

60 1348 301 1389 increscens
333 1361 409 1388 suo
441 1347 591 1388 ordine
623 1345 885 1389 incurvatur.
946 1349 1098 1402 Apices
1137 1350 1424 1392 increscentes
1462 1354 1505 1391 et
1534 1351 1599 1391 in-

60 1416 225 1457 curvati
257 1420 357 1458 sunt
388 1430 500 1469 saepe
532 1415 688 1457 cellula
718 1416 948 1467 terminali,
973 1418 1378 1473 diaphragmatibus
1400 1419 1598 1461 horizon-

60 1484 219 1526 talibus
251 1484 484 1530 subdivisa,
526 1485 744 1536 instructi3
791 1485 946 1538 apices,
994 1487 1067 1540 qui
1113 1487 1352 1529 increscere
1398 1487 1600 1529 desinunt

59 1566 171 1606 saepe
202 1552 366 1594 cellulis
411 1552 610 1606 pluribus
656 1566 707 1594 ex
753 1553 873 1607 apice
919 1554 1191 1596 radiantibus
1237 1556 1438 1597 instructi
1480 1560 1597 1607 sunt3

8 1674 21 1680 Q
59 1636 172 1663 1111110
204 1622 248 1663 hi
280 1636 452 1676 quoque
484 1621 639 1663 cellula
677 1622 848 1676 singula
886 1624 1187 1674 terminantur,
1234 1639 1329 1679 quae
1375 1639 1475 1667 vero
1506 1625 1598 1666 dia-

10 1701 15 1711 *
59 1690 390 1745 phragmatibus
422 1690 740 1732 alternantibus
773 1691 958 1745 obliquis
997 1692 1215 1734 dividitur.
1276 1694 1411 1735 Prout
1441 1694 1598 1735 ramuli

57 1758 233 1812 plurimi
264 1760 504 1801 increscere
537 1764 735 1814 pergunt,
768 1763 844 1801 aut
874 1760 1031 1802 alterni
1064 1761 1227 1803 definiti
1260 1766 1447 1813 manent,
1480 1762 1598 1804 frons

57 1829 196 1870 oritur
227 1829 676 1881 dichotomo-pinnata
706 1832 781 1869 aut
812 1830 949 1883 magis
988 1830 1135 1872 stricte
1173 1831 1364 1884 pinnata.
1425 1831 1597 1885 Species

57 1898 123 1939 his
155 1898 396 1939 rationibus
428 1897 621 1939 diversas
653 1898 796 1939 videre
828 1897 1004 1939 credidi.

171 1967 357 2009 Grunow
389 1966 520 2020 (Nov.
543 1980 590 2019 p.
623 1966 696 2021 84)
728 1980 874 2007 omnes
905 1967 1067 2020 species
1105 1967 1288 2009 Desmiae
1326 1982 1457 2010 unam
1495 1982 1595 2010 ean-

58 2035 242 2090 demque
287 2036 471 2089 speciem
517 2038 711 2088 proteam
758 2036 1018 2077 constituere
1062 2040 1197 2089 putat.
1258 2036 1596 2080 Characteribus

58 2108 173 2146 certe
211 2107 434 2158 aegerrime
479 2104 755 2145 definiuntur.
816 2105 896 2146 Vix
934 2109 1078 2146 autem
1125 2119 1219 2146 eam
1251 2107 1305 2148 ob
1337 2120 1514 2148 causam
1546 2121 1597 2148 ea.

51 2173 369 2227 conjungenda,
401 2186 496 2226 quae
527 2186 678 2214 revera
709 2172 842 2214 oculis
875 2172 1100 2215 dissimilia
1131 2174 1356 2228 adparent,
1380 2176 1596 2229 praecipue

4 2244 13 2249 ‘
58 2257 192 2297 quum
223 2242 275 2284 de
306 2242 519 2285 fructibus
550 2246 592 2283 et
623 2242 719 2283 vitae
749 2243 994 2285 rationibus
1026 2257 1102 2285 nos
1134 2244 1240 2285 nihil
1267 2243 1358 2286 fere
1381 2245 1489 2286 scire
1521 2258 1594 2297 ag-

18 2357 30 2365 ?
58 2325 234 2354 noscere
265 2311 398 2353 decet.

58 2428 77 2449 ss
113 2428 283 2470 Fronde
313 2427 843 2480 32abdielcotomaffirmata,
864 2429 1019 2480 pinnis
1040 2428 1250 2481 plna-imis
1271 2428 1596 2470 inm-escentibus

170 2498 407 2539 incurvatis
437 2497 586 2546 acutis,
620 2496 770 2538 cellula
803 2497 1019 2540 terminali
1050 2497 1452 2550 diaphraywatibus·
1481 2497 1594 2539 horit-

170 2564 410 2607 annalibus
440 2564 676 2606 subdivisa.

62 2658 95 2698 1.
127 2657 177 2698 l).
208 2657 389 2698 KILNEiu
419 2655 486 2710 (J.
519 2655 599 2709 Ay.
630 2660 770 2708 mser.)
802 2655 955 2697 fronde
986 2669 1037 2697 ex
1070 2657 1195 2697 tereti
1226 2669 1472 2709 compressa
1493 2657 1593 2700 sub-

171 2724 631 2777 dichotomo-pinnata,
654 2724 787 2765 ramis
809 2725 1043 2778 majoribus
1066 2725 1426 2779 subcorymbosis,
1450 2725 1592 2779 pinnis

172 2793 327 2834 infimis
358 2792 637 2841 brevioribus,
669 2792 820 2833 mediis
842 2791 1122 2845 prolongatis,
1154 2792 1365 2846 supremis
1386 2793 1593 2835 breviori-

172 2861 264 2908 bus,
297 2860 493 2903 omnibus
524 2860 676 2901 eximie
707 2860 956 2913 patentibus
985 2859 1073 2902 fere
1096 2860 1381 2909 filifoimibus,
1404 2862 1591 2915 pinnulis

1390 2928 1453 2961 23*
