1757 3114
87 139 167 180 686

86 250 176 284 nino
202 249 378 293 diversae,
405 248 530 283 allatis
557 246 842 281 characteribus
869 245 1045 290 praedita,
1072 256 1091 279 e
1109 245 1215 280 Nova
1232 245 1415 280 Zelandia
1431 246 1512 291 ipse
1531 257 1618 290 quo-

86 319 158 351 que
196 307 369 350 viderim,
407 306 490 339 Hal.
518 304 743 339 latissimam
770 304 935 348 speciem
960 303 1113 338 omnino
1149 302 1340 337 diversam
1372 303 1529 337 credere
1555 314 1619 347 op-

86 363 246 408 portuit.

85 458 179 499 36a.
211 457 444 499 GIGARTINA
477 469 734 496 EXASPERATA
765 454 927 509 (Baill.
961 457 998 495 et
1030 453 1166 495 Harv.
1189 454 1234 496 in
1258 453 1360 495 Ner.
1384 452 1491 495 Bor.
1523 453 1620 494 Am.

195 539 238 578 p.
272 525 372 579 177)
417 523 560 576 stipite
606 522 858 564 evidentiori
893 536 991 563 mox
1037 520 1310 574 complanato
1350 521 1393 561 in
1424 520 1621 562 frondem

198 591 691 643 lanceolam-oblongam
732 590 1312 632 carnoso-membranaceam
1343 602 1454 642 saepe
1485 589 1620 630 maxi-

198 675 324 709 mam,
357 662 550 713 margine
582 673 736 713 parum
776 660 1015 700 incrassato
1054 657 1237 699 cinctam
1276 658 1473 704 abeunte,
1505 657 1620 699 fron-

200 731 325 772 dibus
357 729 576 771 sterilibus
607 728 785 770 laevibus
823 732 899 768 aut
930 741 955 768 a
986 727 1180 780 margine
1211 730 1254 768 et
1284 727 1401 768 disco
1433 726 1621 767 dentatis

199 797 468 847 aculeatisve‚
510 795 901 850 sphaerosporiferis
933 809 1065 849 supra
1086 796 1288 849 paginam
1309 795 1497 836 verrucis
1529 795 1621 848 pla-

199 865 406 907 niusculis
438 866 602 906 minute
647 864 934 906 verruculosis
981 864 1145 912 obsitis.
1191 862 1516 917 gemmidiiferis
1546 876 1622 915 per

196 938 332 975 totam
377 932 647 987 superficiem
692 933 918 985 ipsumque
964 932 1201 986 marginem
1242 931 1477 985 papillosis,
1510 931 1622 971 linea

197 1006 381 1056 angusta
411 1001 779 1055 intra-marginali
811 1000 950 1041 nudis.

350 1071 458 1113 Hab.
492 1071 545 1112 ad
578 1084 675 1112 oras
708 1068 965 1111 Californiae.

176 1149 374 1195 Specimen
400 1150 661 1185 authenticum
688 1149 950 1193 Harveyanam
977 1149 1122 1183 nullum
1148 1148 1240 1183 vidi.
1276 1147 1442 1183 Obvenit
1468 1159 1557 1182 vero
1576 1148 1621 1182 ad

83 1218 167 1241 oras
194 1207 409 1242 Californiae
435 1208 568 1252 planta
593 1206 635 1240 G.
663 1206 944 1240 circumcinctae
973 1205 1178 1248 simillima,
1216 1216 1326 1249 quam
1364 1205 1622 1248 Harveyanam

83 1264 248 1309 speciem
275 1264 459 1308 suspicor.
494 1264 584 1298 Haec
611 1263 799 1298 tenuitate
826 1262 975 1296 laminae
1003 1262 1048 1296 ad
1067 1261 1109 1296 Gr.
1129 1262 1437 1296 circumcinctam
1463 1261 1626 1305 accedit,

81 1321 202 1356 forma
225 1321 370 1356 frondis
399 1332 487 1356 vero
514 1324 573 1354 est
591 1320 665 1354 alia
690 1324 728 1354 et
752 1319 946 1364 praecipue
973 1319 1249 1363 sphaerosporis
1276 1318 1546 1363 dignoscenda.
1582 1319 1623 1352 In

84 1378 127 1414 G.
154 1378 425 1412 circumcincta
461 1378 567 1412 velut
592 1377 631 1411 in
658 1377 699 1411 G.
727 1377 861 1411 radula
898 1376 974 1410 sori
1013 1379 1101 1410 sunt
1137 1375 1263 1410 frondi
1289 1375 1475 1413 immersi:
1513 1375 1551 1410 in
1580 1376 1623 1409 G.

85 1438 309 1480 exasperata
335 1438 423 1469 sunt
447 1435 487 1468 in
518 1434 687 1469 verrucis
715 1433 1012 1477 subprominulis
1045 1432 1211 1476 collecti,
1238 1435 1276 1467 et
1301 1433 1475 1478 pluribus
1501 1433 1539 1467 in
1565 1445 1623 1467 ea-

84 1492 169 1526 dem
195 1492 502 1535 obvenientibus,
529 1490 621 1536 ipsae
649 1501 818 1525 verrucae
847 1490 1101 1524 verruculosae
1129 1491 1326 1535 adparent.
1363 1490 1404 1523 In
1431 1490 1553 1524 vicina
1581 1490 1623 1524 G.

83 1548 335 1594 microphylla
361 1548 435 1583 sori
462 1560 536 1582 non
562 1548 600 1582 in
627 1547 796 1582 verrucis
824 1546 1085 1591 planiuswlis,
1113 1547 1179 1581 sed
1196 1546 1235 1580 in
1254 1547 1407 1591 papillis
1434 1546 1625 1591 prominu—

85 1605 130 1639 lis
157 1605 392 1650 colliguntur
418 1605 559 1649 pluieS‚
587 1605 844 1639 characterem
873 1603 927 1637 ita
952 1602 1129 1648 (ulterius
1156 1603 1398 1648 productum)
1425 1603 1622 1647 analogum

84 1662 302 1697 offerentes.

84 1756 140 1798 ad
170 1770 268 1811 pag.
299 1758 380 1798 220
412 1760 453 1798 et
485 1770 620 1810 sequ.:

84 1849 146 1903 (3)
180 1849 457 1890 KALLYMENIA
488 1848 520 1889 T
525 1861 745 1890 ASMANICA.

174 1928 264 1963 Haec
291 1928 452 1973 specieS,
479 1928 584 1972 cujus
612 1928 656 1962 ad
683 1927 899 1973 fragmenta
923 1938 1042 1973 pauca
1073 1928 1275 1961 observata
1300 1927 1441 1960 nullam
1467 1926 1622 1970 diagno-

84 1985 143 2019 sin
169 1986 344 2020 exhibuit
368 1986 529 2030 Harvey,
556 1986 736 2029 cujusque
762 1985 843 2029 ipse
875 1985 921 2019 ad
946 1984 1200 2029 fragmentum
1229 1984 1379 2018 unicum
1405 1995 1425 2017 a
1450 1983 1623 2027 Harveyo

84 2041 213 2076 datum
240 2054 353 2087 supra
378 2053 463 2087 pag.
491 2043 558 2076 220
582 2042 784 2087 diagnosin
810 2042 977 2083 exaravi,
1016 2042 1131 2076 habet
1167 2041 1338 2075 frondem
1377 2051 1623 2084 permagnam

85 2099 222 2133 saltem
246 2110 365 2143 usque
392 2099 606 2144 bipedalem
627 2098 717 2143 (fide
737 2100 843 2133 D:nae
862 2099 1086 2142 Meredith),
1107 2099 1230 2132 colore
1250 2097 1622 2132 carneo-coccineam

85 2158 124 2189 et
154 2155 370 2190 substantia
406 2155 800 2200 gelatinoso-carnosa
836 2156 1050 2200 praeditam.
1102 2155 1182 2189 Sec.
1211 2155 1404 2199 specimen
1436 2155 1620 2199 juvenile.

84 2212 183 2255 quod
208 2212 288 2247 fere
313 2213 507 2257 integrum
533 2212 624 2254 vidi,
650 2212 754 2246 frons
781 2212 933 2247 videtur
957 2212 1103 2247 ambitu
1130 2211 1488 2256 obovato—oblonga,
1528 2222 1621 2256 vage

85 2272 149 2303 aut
174 2269 252 2303 fere
279 2269 497 2304 subalterne
523 2268 893 2313 pinnato-laciniam,
920 2268 1050 2313 stipite
1078 2268 1247 2302 evidenti
1266 2272 1304 2302 at
1321 2268 1428 2301 brevi
1447 2267 1622 2312 praedita,

84 2338 197 2371 supra
224 2326 395 2371 stipitem
426 2325 642 2361 filiformem
679 2325 850 2360 breviter
886 2328 1058 2367 cuneata,
1097 2325 1184 2359 (lein
1221 2325 1298 2359 fere
1325 2328 1621 2369 ovato-expansa

84 2385 212 2427 (nunc,
238 2382 312 2417 fide
338 2382 503 2426 Harvey,
529 2382 717 2418 latissima
743 2382 910 2425 videtur)
936 2382 1171 2426 marginibus
1209 2393 1321 2426 parce
1354 2382 1549 2416 undulata.
1578 2401 1619 2405 —-

84 2439 127 2473 In
153 2439 360 2484 specimine
387 2451 407 2474 a
431 2451 489 2473 me
517 2451 603 2484 pag.
631 2440 698 2473 220
723 2439 915 2484 descripto
952 2438 1135 2483 marginis
1174 2443 1322 2484 partem
1353 2439 1539 2482 quandam
1565 2439 1620 2473 in-

85 2499 293 2531 crassatam
317 2497 414 2531 male
441 2496 601 2531 fulcrum
628 2496 794 2531 radicale
820 2496 980 2540 credidi,
1007 2499 1044 2531 et
1068 2496 1241 2531 frondem
1268 2496 1440 2532 sessilem
1467 2496 1559 2531 dixi.

84 2590 122 2631 7.
154 2589 434 2630 KALLYMENIA
466 2589 725 2631 BERGGRENH
756 2589 911 2644 (supra
941 2602 1037 2642 pag.
1071 2589 1186 2642 2:21).

174 2681 379 2725 Postquam
406 2682 431 2716 l.
459 2693 504 2725 (3.,
530 2682 658 2727 paucis
696 2685 842 2716 tantum
881 2680 1150 2726 speciminibus
1190 2680 1416 2723 observatis,
1456 2682 1620 2726 speciem

83 2737 257 2782 diagnosi
283 2738 595 2773 circumscribere
622 2742 777 2774 conatus
804 2750 897 2782 sum,
923 2749 1061 2782 magna
1085 2738 1192 2783 copia
1218 2738 1255 2771 in
1283 2738 1476 2782 superiore
1513 2742 1621 2783 parte

84 2795 199 2830 Novas
227 2796 419 2830 zelandiae
447 2796 646 2830 collectam
681 2796 812 2830 attulit
848 2795 1057 2840 Berggren.
1095 2807 1141 2829 ex
1167 2795 1302 2839 quibus
1329 2794 1461 2838 majori
1487 2794 1622 2828 fiducia

85 2853 249 2897 speciem
275 2855 371 2888 bene
397 2854 619 2888 distinctam
645 2854 855 2897 crederem,
881 2853 973 2887 licet
999 2852 1043 2886 K.
1071 2852 1265 2886 reniformi
1293 2852 1514 2896 proximam.
1554 2851 1619 2886 Su—
