1757 3114
99 151 378 193 Pteroeladm.
749 151 973 193 GELIDIEAE.
1540 151 1621 191 545

94 267 302 317 occupant
334 263 406 304 fila
437 263 809 318 longitudinaliter
841 263 1126 313 excurrentia,
1159 263 1337 304 invicem
1367 276 1519 305 revera
1550 278 1624 317 pa-

93 346 189 372 rum
236 332 443 372 distantia
474 337 530 381 et,
569 333 613 373 ni
656 332 794 380 fallor,
840 331 1184 372 anastomosibus
1228 331 1483 373 lateralibus
1528 347 1625 373 cum
1687 355 1702 366 .‚

93 400 298 452 proximis
325 400 486 453 juncta.
529 396 676 442 Strata
706 401 918 442 exteriora
948 400 1155 452 parietem
1187 401 1281 442 tubi
1311 401 1373 441 ita
1402 401 1624 442 constituti

96 467 296 509 efficiunt.

205 536 492 591 Cystocarpiis
524 537 680 590 ignotis
712 551 865 578 vanum
888 540 951 578 est
971 535 1025 577 de
1047 536 1254 579 affinitate
1270 537 1478 590 judicare.
1510 537 1622 579 Har-

90 620 241 659 veyum
273 609 314 646 et
345 606 622 660 Kiitzingium
653 620 785 659 genus
816 604 982 647 Grelidio
1013 606 1254 658 proximum
1285 607 1517 649 credidisse
1546 608 1623 648 ad-

92 679 225 728 paret.
289 672 393 714 Cum
441 675 705 716 Gelidioruin
751 674 898 716 formis
943 674 1097 715 habitu
1129 678 1171 715 et
1202 679 1423 717 structura
1452 689 1623 731 quoque

91 743 356 795 potissimum
389 742 595 783 convenit.

94 835 128 873 1.
161 833 224 874 W.
257 846 434 874 snrACEA
464 833 623 886 (Ha-rw.
656 833 680 873 l.
712 847 742 875 c.
765 847 813 886 p.
846 833 947 888 246>
977 832 1128 874 fronde
1159 833 1288 875 dense
1308 835 1533 888 caespitosa
1553 849 1621 877 ca-

204 901 349 955 pillari
380 915 506 954 parce
537 915 720 949 ramosa,
753 901 883 943 ramis
914 901 982 942 vix
1023 901 1289 944 tenuioribus
1334 903 1463 957 vagis,
1510 918 1622 946 nunc

205 971 464 1023 adparenter
495 968 762 1021 dichotomis,
794 983 905 1010 nunc
935 968 979 1009 in
1009 968 1160 1011 fronde
1181 970 1442 1023 adparenter
1461 972 1621 1014 tricho-

204 1044 318 1079 toma
349 1039 566 1092 oppositis,
601 1053 711 1079 nunc
743 1038 915 1092 sparsis,
949 1038 1146 1080 omnibus
1177 1040 1329 1081 eximie
1360 1041 1619 1093 patentibus,

203 1107 592 1160 sphaerosporiferis
614 1107 878 1148 brevioribus
894 1106 1020 1161 juxta
1040 1107 1182 1160 apices
1214 1108 1392 1162 singulis
1424 1113 1500 1151 aut
1521 1110 1620 1152 sub-

203 1174 464 1216 fasciculatis
502 1175 545 1215 in
576 1175 783 1228 pedicello
814 1175 1010 1216 tenuiore
1059 1175 1327 1217 subclavatis.
1376 1177 1507 1219 Kio'tz.
1538 1179 1620 1220 tab.

200 1244 330 1297 Phys.
378 1244 464 1285 Vol.
501 1244 629 1286 XIX
656 1245 736 1286 tab.
768 1246 833 1285 26.

256 1312 363 1354 Hal).
396 1313 449 1353 ad
481 1327 578 1354 oras
612 1312 794 1354 Floridae
833 1312 1043 1367 (Harveyl
1083 1313 1328 1368 Melville!);
1368 1315 1423 1357 ad
1453 1316 1616 1358 insulas

349 1381 481 1421 Indiae
514 1381 803 1431 occidentalis,
836 1381 1114 1434 Guadeloupe
1146 1382 1522 1441 (Duchassaingl).

84 1519 297 1569 CXXMH.
336 1521 688 1566 l'TEROcLADIA
725 1518 770 1561 J.
803 1520 883 1572 Ay.
919 1519 990 1571 Sp.
1014 1532 1061 1571 p.
1094 1520 1187 1560 482.

85 1622 221 1663 Frons
252 1636 408 1675 anceps
441 1622 699 1672 subcostata,
733 1622 941 1675 pinnatim
973 1622 1275 1675 decomposita,
1306 1625 1453 1666 stratis
1475 1625 1614 1668 tribus

196 1694 414 1737 contexta3
452 1690 572 1731 fibris
611 1690 887 1731 interioribus
932 1689 1319 1744 longitudinalibus
1365 1692 1615 1736 densissime

197 1759 449 1806 intertextis,
483 1758 653 1812 oblique
685 1759 728 1798 in
758 1758 933 1800 cellulas
965 1759 1147 1812 majores
1178 1760 1435 1803 rotundatas
1462 1776 1612 1803 excur-

191 1828 397 1878 rentibus,
438 1828 719 1869 exterioribus
757 1827 921 1868 cellulis
961 1828 1209 1879 minoribus,
1248 1829 1291 1870 in
1321 1829 1395 1871 fila
1441 1831 1609 1872 monili-

192 1896 345 1938 formia
390 1896 610 1937 verticalia
654 1897 901 1950 conjunctis.
962 1895 1240 1950 Cystoearpia
1286 1898 1330 1939 in
1375 1898 1612 1941 alterutera

193 1966 351 2019 pagina
382 1965 690 2017 hemispherice
720 1965 1020 2018 prominentia,
1043 1966 1339 2018 unilocularia,
1362 1967 1418 2008 ad
1438 1969 1611 2022 placen-

194 2038 282 2074 tam
314 2033 578 2086 parietalem,
611 2033 731 2074 fibris
762 2033 958 2086 plurimis
990 2047 1086 2074 cum
1107 2038 1219 2076 tecto
1240 2036 1471 2090 pericarpii
1488 2038 1612 2091 junc-

195 2106 294 2150 tam,
328 2100 558 2154 gemmidia
597 2101 791 2149 obovata,
831 2102 874 2142 in
905 2101 989 2142 filis
1020 2102 1231 2156 elongatis
1262 2105 1517 2157 terminalia,
1548 2105 1612 2148 fo-

191 2170 345 2210 ventia.
408 2169 719 2222 Sphserosporoe
766 2170 878 2210 infra
924 2171 1065 2223 apices
1109 2172 1339 2224 pinnarum
1385 2174 1499 2215 inter
1536 2174 1611 2217 fila

194 2237 497 2278 moniliformia
527 2238 715 2289 evolutae,
748 2238 1000 2287 rotundatae,
1033 2239 1255 2280 cruciatim
1288 2241 1445 2282 divisae.

79 2331 114 2370 l.
145 2330 212 2370 PT,
246 2342 391 2370 LUCIDA
423 2329 496 2380 (R.
528 2328 609 2370 Br.
639 2331 783 2377 mser.)
810 2328 960 2370 fronde
981 2329 1488 2384 decomposito-pinnata‚
1511 2334 1607 2386 pin-

189 2397 253 2437 nis
285 2397 531 2447 linearibus,
565 2394 705 2438 axillis
744 2411 855 2450 saepe
886 2397 996 2439 fissis
1034 2398 1307 2440 cicatricosis.
1339 2399 1385 2441 J.
1416 2400 1499 2454 Ay.
1533 2401 1605 2455 Sp.

180 2480 227 2518 p.
261 2466 352 2507 483.
387 2464 521 2506 Ham).
571 2465 698 2519 Phye.
745 2471 877 2508 ansts.
925 2467 1006 2508 tab.
1038 2468 1131 2508 248.
1181 2467 1324 2509 Famis
1354 2468 1521 2512 lucidus
1554 2471 1607 2513 R.

190 2535 271 2576 Bon
304 2536 348 2575 in
383 2535 512 2576 Turn.
551 2535 651 2576 Fue.
692 2536 774 2576 tab.
821 2536 913 2576 238.
947 2535 1086 2577 Gelid.
1133 2535 1316 2577 lucidum
1363 2537 1493 2579 Krete.
1525 2540 1607 2581 tab.

195 2602 326 2656 Phyle.
372 2602 459 2644 Vol.
496 2602 683 2645 XVIII
708 2604 791 2644 tab.
823 2604 886 2643 42.

340 2670 526 2712 Variat:

78 2755 116 2780 cc.
147 2739 365 2780 frondium
395 2737 569 2779 racliide
599 2738 848 2781 lanceolato-
861 2740 1026 2791 lineari,
1058 2741 1198 2794 pinnis
1228 2740 1317 2783 fere
1347 2742 1500 2795 planis,
1529 2743 1607 2785 sti-

188 2807 274 2860 pite
306 2809 472 2847 vetusto
502 2807 544 2847 in
576 2807 714 2849 medio
746 2808 994 2855 incrassato,
1027 2810 1219 2860 margine
1247 2810 1375 2863 plano
1399 2811 1526 2864 alato,
1549 2814 1604 2855 ab

188 2875 427 2916 incrassata
457 2879 578 2928 parte
609 2890 718 2929 saepe
748 2877 963 2930 prolifero.

1422 2948 1464 2983 35
