1757 3114
70 93 344 138 Dicranema.
613 93 1037 140 SPHAEROCOCCOIDEAE.
1510 106 1588 146 435

178 209 366 262 stipitem
397 211 569 249 tenuem
601 209 881 252 articulatum
908 211 1088 263 clavata,
1120 214 1163 255 in
1185 216 1368 258 articulo
1390 231 1590 271 supremo

175 275 405 330 gemmidia
452 277 856 332 obovato-oblonga,
896 278 1069 321 demum
1114 283 1349 326 rotundata
1392 284 1591 328 foventia.

176 344 488 398 Sphoerosporae
528 346 571 386 in
618 347 812 400 apicibus
857 347 1017 390 infiatis
1063 364 1284 394 ramorum
1329 359 1589 409 aggregatae,

172 414 284 454 inter
313 412 387 454 fila
417 414 636 456 corticalia
656 415 779 457 valde
809 415 979 458 evoluta
1010 418 1267 469 nidulantes,
1292 422 1488 476 oblongae
1520 438 1589 464 zo-

171 483 307 524 natim
337 483 495 524 divisae.

169 586 340 641 Harvey
369 587 568 641 pluribus
600 588 702 631 locis
747 591 1027 644 quaestionem
1072 594 1203 634 movit
1241 608 1295 635 an
1326 596 1470 638 Genus
1502 611 1588 639 me-

56 653 138 696 lius
192 669 326 708 prope
377 655 547 697 Gelidia
599 657 824 709 militaret3
871 659 1151 702 Pterocladiae
1193 665 1412 705 structura
1457 667 1587 718 potis-

60 724 216 765 simum
248 724 415 769 ductus,
447 725 691 778 placentam
722 727 976 780 parietalem
1008 743 1178 783 quoque
1210 731 1253 772 in
1286 731 1587 776 Dicraneinate

54 793 311 834 considerat.
372 792 479 834 Mihi
510 797 653 835 tamen
686 799 907 837 structura
938 795 1064 838 aliter
1095 798 1350 852 explicanda
1372 801 1586 855 adparuit.

53 861 164 912 Quia
195 861 389 903 coccidia
418 861 657 903 lateraliter
687 862 838 904 inflata
868 868 979 915 sunt,
1019 865 1222 919 placenta
1253 882 1423 923 quoque
1455 884 1481 911 a
1510 885 1585 924 pa-

52 930 158 972 riete
202 931 427 984 provenire
472 931 692 983 videatur3
739 946 889 974 revera
934 938 1079 976 autem
1111 949 1137 976 a
1177 940 1313 979 strato
1358 938 1585 981 medullari

52 999 202 1053 surgit,
235 1004 278 1041 et
309 1013 439 1053 supra
472 999 554 1042 hoc
585 1001 811 1054 conspicue
849 1002 1014 1044 elevata
1049 1008 1126 1055 est,
1159 1019 1185 1046 a
1215 1007 1372 1048 vertice
1403 1012 1446 1049 et
1476 1008 1584 1050 late-

51 1068 166 1109 ribus
196 1067 281 1109 filis
312 1070 634 1122 praegnantibus
665 1070 817 1112 obsita.
860 1071 1053 1114 Sectione
1075 1072 1380 1127 longitudinali
1402 1076 1584 1119 feliciter

50 1137 181 1178 ducta
210 1151 465 1191 cognoscere
497 1138 596 1180 licet
626 1138 868 1191 placentam
900 1155 925 1182 a
946 1142 1119 1194 regione
1150 1143 1379 1185 medullari
1410 1145 1583 1199 oblique

47 1204 325 1257 adscendere3
364 1205 463 1247 hinc
495 1206 680 1248 sectione
710 1206 827 1248 facta
857 1209 1137 1251 transversali
1168 1211 1369 1264 placenta
1401 1217 1476 1254 aut
1505 1228 1581 1267 pa-

46 1273 209 1315 rietalis
240 1274 544 1327 conspiciatur,
577 1278 713 1316 strato
744 1275 974 1318 medullari
1018 1279 1228 1331 parietem
1273 1285 1522 1335 occupante,
1555 1297 1581 1324 a

46 1354 130 1394 quo
160 1341 363 1395 placenta
407 1343 626 1395 provenit;
673 1347 747 1384 aut
778 1357 804 1384 a
834 1348 970 1387 strato
1016 1346 1247 1388 medullari
1293 1353 1494 1402 separata
1539 1356 1581 1392 et

45 1411 168 1464 quasi
199 1411 339 1453 libera
369 1411 553 1464 adparet
583 1411 794 1465 placenta7
827 1414 862 1455 si
893 1428 1045 1469 nempe
1083 1417 1212 1458 sectio
1254 1417 1370 1459 facta
1399 1432 1475 1472 per
1507 1433 1576 1460 su-

43 1479 255 1532 periorem
286 1479 479 1534 (oblique
510 1480 810 1522 adscendentis
841 1482 1071 1538 placentae)
1093 1489 1262 1537 partem
1283 1484 1414 1527 ducta
1435 1485 1577 1529 fuerit.

43 1545 388 1601 Carpostomium
420 1548 592 1590 evidens
623 1549 710 1590 vidi
740 1550 1037 1593 secedentibus
1069 1553 1152 1594 filis
1185 1554 1462 1596 corticalibus
1491 1556 1577 1597 for-

41 1619 217 1657 matum.
249 1642 301 1647 —
333 1616 541 1658 Omnibus
587 1617 868 1660 consideratis
914 1620 1060 1662 Genus
1105 1621 1257 1663 eximie
1303 1621 1576 1676 Sphaerococ-

41 1683 235 1726 coideum
265 1689 477 1738 putarem.

137 1814 161 1838 *
193 1813 403 1855 Uoccionis
432 1813 556 1867 infra
588 1815 731 1867 apices
761 1815 969 1858 revolutos
998 1830 1218 1859 ramorum
1248 1818 1472 1861 solitariis.

40 1906 75 1946 1.
107 1905 156 1947 Ι).
187 1919 432 1947 REVOLUTUM
463 1906 563 1960 (Ay.
599 1906 671 1960 Sp.
694 1921 740 1959 p.
772 1908 874 1964 334)
904 1907 1056 1951 fronde
1100 1914 1269 1952 setacea
1307 1911 1571 1954 dichotome-

147 1972 382 2027 fastigiata,
414 1974 609 2027 apicibus
641 1975 857 2027 involutis,
889 1977 1086 2018 coccidiis
1113 1978 1231 2031 apice
1253 1980 1444 2021 acutiore
1468 1981 1571 2034 ipsis

148 2040 341 2095 longiore
371 2042 583 2083 rostratis.
616 2042 661 2085 J.
692 2043 774 2097 Ay.
810 2043 881 2097 Sp.
906 2058 953 2097 p.
987 2045 1079 2086 634.
1112 2046 1249 2088 Harv.
1276 2046 1405 2101 Phye.
1436 2053 1569 2091 austr.

148 2110 229 2151 tab.
261 2111 327 2150 74.
362 2110 492 2152 Kate.
525 2111 605 2152 tab.
643 2110 771 2165 Phgyc.
816 2112 905 2155 Vol.
948 2113 1076 2156 XIX
1110 2115 1191 2157 (ab.
1223 2116 1287 2157 38.
1323 2117 1422 2170 Spa.
1454 2133 1569 2159 revo-

148 2177 261 2220 lutus
294 2178 374 2231 Ay.
409 2178 433 2219 l.
465 2193 496 2220 c.

298 2245 404 2287 Nov.
436 2246 670 2289 Hollandia
700 2250 906 2291 australis
938 2255 979 2292 et
1011 2252 1301 2294 occidentalis.

37 2339 72 2380 2.
103 2339 151 2380 D.
185 2340 413 2381 GREVILLEI
443 2339 594 2392 (Sond.
627 2341 726 2384 Bot.
761 2342 866 2385 Zeu.
899 2344 1006 2385 1845
1020 2358 1066 2397 Ζ).
1091 2345 1160 2399 56)
1191 2343 1343 2385 fronde
1365 2343 1481 2386 ultra
1502 2360 1566 2387 se-

144 2412 270 2450 tacea
314 2408 819 2465 dichotomo—fastigiata,
869 2413 1064 2466 apicibus
1109 2413 1324 2464 involutis,
1369 2414 1565 2455 coccidiis

146 2477 265 2530 apice
296 2477 589 2519 obtusiusculo
621 2479 872 2521 brevissimo
904 2481 1130 2534 superatis,
1164 2481 1564 2534 sphaerosporarum

146 2545 276 2586 clavis
308 2544 518 2586 diametro
550 2546 619 2588 vix
639 2547 770 2600 triplo
791 2547 1070 2602 longioribus.
1101 2548 1146 2590 J.
1179 2550 1261 2602 Ay.
1296 2549 1368 2601 Sp.
1392 2564 1440 2602 10.
1472 2550 1564 2592 634.

145 2612 283 2654 Harv.
321 2612 449 2666 Phyc.
481 2617 615 2656 austr.
648 2616 729 2657 tab.
765 2617 856 2658 120.
906 2616 1018 2669 Cyst.
1052 2615 1256 2658 Grevz'llei
1305 2617 1435 2658 Kiite.
1482 2619 1563 2659 tab.

148 2680 276 2734 Phyc.
317 2678 402 2723 Vol.
439 2681 626 2725 XVIII
659 2684 741 2725 tab.
777 2687 839 2725 17.
873 2710 924 2715 —
956 2685 1022 2726 An
1054 2699 1079 2726 a
1108 2685 1252 2738 priore
1291 2690 1358 2726 sat
1396 2686 1563 2727 diversa

145 2749 331 2802 species?

295 2816 398 2859 Nov.
431 2818 663 2860 Hollandia
693 2824 826 2861 austr.
860 2826 902 2862 et
933 2821 1220 2863 occidentalis,

1369 2890 1432 2924 28*
