1762 3036
62 117 446 164 Thawmoclonium.
634 112 1028 155 CRYPTONEMIAOEAE.
1515 113 1561 152 17
1571 113 1589 152 1

147 242 267 277 Frons
305 249 420 284 supra
444 240 621 273 truncum
646 239 802 274 brevem
826 238 866 272 in
893 247 1070 272 coronam
1107 247 1299 271 ramorum
1329 234 1508 275 solvitur3
1536 245 1593 269 ra-

57 311 200 337 morum
238 307 364 332 comae
394 296 627 340 rotundatas,
661 306 824 340 superne
861 293 1137 338 distinctiores,
1174 292 1369 327 mediante
1408 291 1593 336 adparatu

58 355 279 394 muriculato
316 353 464 388 inferne
502 352 826 394 subconfiuentes:
864 350 1117 396 expansiones
1156 349 1324 385 foliaceae
1362 348 1529 392 quidem,
1556 351 1594 382 at

59 413 217 460 singulae
243 412 283 445 in
309 410 480 445 diversas
506 410 738 445 directiones
765 408 941 444 tendunt.
976 407 1113 452 Phylla
1136 406 1336 442 fructifera
1352 405 1593 451 potissimum

59 484 80 507 a
101 469 195 506 facie
221 470 436 514 emergunt.

59 568 95 608 9.
127 562 202 604 ΤΗ.
234 574 565 603 FLABELLIFORME
610 559 763 616 (Sond.
809 558 907 611 Azy.
956 556 1120 599 Preiss.
1143 569 1190 609 Ρ.
1225 556 1327 611 185)
1373 553 1594 597 frondium

168 632 300 673 ramis
330 630 496 672 inferne
527 629 806 681 11udiusculis,
839 641 1022 681 superne
1055 626 1311 680 compressis
1343 623 1593 679 complana-

166 700 222 741 tis
254 700 537 754 expansiones
575 699 728 753 planas
765 697 932 739 ambitu
970 695 1170 738 definitas
1212 699 1416 737 cuneatas
1447 694 1593 736 dicho-

166 771 305 810 tomas
336 772 412 809 aut
442 766 948 822 pinnatifido-laciniatas
970 764 1325 819 ingredientibus,
1349 763 1477 805 costis
1500 777 1594 805 sen-

168 836 247 878 sim
279 836 508 879 subdivisis
539 837 584 877 in
614 835 843 877 reticulum
874 833 1014 876 laxius
1059 832 1340 875 ramellorum
1380 831 1594 874 filiformi-

168 920 253 957 um,
285 905 443 961 phyllis
475 904 869 960 sphaerosporiferis
897 902 1086 945 costulas
1107 901 1444 944 terminantibus
1466 915 1594 957 cune-

168 974 460 1029 ato-oblongis
515 973 674 1016 Iobatis
727 972 1007 1025 sinuatisque.
1071 969 1210 1013 Harv.
1273 969 1402 1024 Phyc.
1458 974 1593 1012 austr.

171 1044 253 1087 tab.
286 1044 386 1086 1131

319 1112 387 1154 Ad
417 1126 516 1154 oras
547 1111 677 1153 Novae
709 1110 954 1152 Hollandiae
986 1108 1280 1151 occidentalis.

146 1205 346 1252 Speeimen
372 1205 617 1242 Sonderianae
644 1205 789 1250 plantae
816 1215 892 1239 non
917 1202 1015 1244 vidi;
1054 1214 1101 1237 ex
1131 1201 1392 1246 descriptione
1419 1200 1507 1235 data
1532 1200 1596 1235 vix

54 1265 175 1310 liquet
200 1267 327 1299 utrum
352 1274 437 1298 cum
474 1263 700 1308 Harveyana
736 1262 869 1307 planta
904 1260 1074 1295 identica
1111 1259 1163 1295 sit
1188 1272 1234 1294 an
1261 1259 1425 1295 diversa.
1454 1279 1494 1283 —-
1521 1257 1595 1293 Ex-

50 1322 252 1368 pansiones
279 1321 449 1368 singulas
476 1319 679 1366 petiolatas
705 1319 798 1364 vidi,
824 1318 967 1364 petiolo
993 1317 1235 1352 nudiusoulo.

592 1447 759 1501 Species
789 1446 1058 1501 inquirenda.

55 1553 478 1595 THAMN.LAT1FRONS
525 1550 655 1594 Endl.
701 1554 740 1593 ct
785 1549 907 1593 Dies.
955 1550 1055 1592 Bot.
1104 1549 1210 1592 Zeia
1253 1549 1358 1591 1845
1382 1563 1429 1603 2).
1462 1550 1543 1590 289
1574 1563 1597 1590 e

167 1622 273 1663 Port
303 1620 446 1662 Natal.

168 1725 235 1768 Ex
266 1724 552 1778 descriptione
584 1722 839 1765 concludere
878 1722 1032 1764 vellem
1063 1723 1174 1764 hanc
1206 1722 1391 1776 speciem
1421 1720 1477 1763 ad
1509 1721 1597 1775 pri-

56 1809 171 1836 mam
200 1797 395 1835 nostram
425 1793 656 1835 sectionem
686 1791 921 1845 pertinere3
954 1790 1061 1832 Cum
1093 1790 1195 1833 Cod.
1229 1789 1443 1832 natalensi
1464 1789 1597 1844 igitur

55 1862 172 1905 haud
202 1862 436 1904 identicam
468 1861 678 1916 conjicere
710 1874 841 1902 ausus
873 1874 980 1901 sum.
