1757 3114
110 122 190 162 ⁴248
713 126 1041 168 DUDRESNAYEAE.
1336 131 1642 186 Budresnaya.

222 236 327 277 tubo
358 236 459 277 axili
492 237 781 278 verticillatim
814 239 1080 292 egredientia
1110 243 1437 286 tri-dichotoma
1462 245 1642 288 fascicu-

223 304 313 345 lata
343 306 523 346 invicem
555 307 787 355 sublibera,
821 308 993 349 demum
1024 311 1142 353 nullo
1181 314 1328 355 ordine
1374 315 1642 358 densissima.

225 372 505 426 Cglstocarpia
535 375 648 416 inter
678 375 751 416 fila
795 376 1066 429 peripherica
1109 380 1238 425 nuda„
1284 383 1435 424 nucleo
1481 384 1643 437 simpli-

222 442 412 482 ciusculo
444 443 698 491 constituta3
732 444 805 485 fila
837 446 1153 497 gemmidiifera
1184 462 1209 488 a
1240 449 1320 491 filis
1342 450 1642 493 fasciculorum

222 508 543 557 transformata,
577 524 688 563 saepe
719 511 846 564 plura
877 512 1180 566 adproximata
1211 520 1253 556 et
1274 516 1444 558 demum
1467 518 1534 559 hic
1556 519 1643 561 illic

223 577 522 623 c‹i›alescentia,
563 579 771 632 juvenilia
816 586 994 622 curvata
1038 584 1344 626 moniliformia
1395 587 1643 630 brevissime

223 646 467 693 articulata„
500 649 833 690 maturescentia
879 651 1073 692 articulis
1120 654 1468 696 transversaliter
1499 670 1643 698 excre-

222 715 436 756 scentibus
468 720 510 756 et
542 717 781 764 subdivisis„
814 719 856 759 in
890 719 1087 761 nucleum
1111 722 1391 764 rotundatum
1413 726 1644 777 gemmiclia

219 782 426 834 pauciora
456 785 696 837 majuscula
726 787 842 828 intra
879 788 1112 841 gelatinam
1159 789 1372 832 foventem
1417 796 1642 836 conversis.

223 849 534 903 &lamrosporce
565 853 608 893 in
641 853 724 895 filis
755 855 1036 908 periphericis
1069 859 1317 900 terminales
1349 860 1542 915 oblongae
1574 877 1643 904 zo-

219 919 355 959 natim
387 919 546 961 divisae.

223 1021 264 1062 Si
298 1026 499 1064 naturam
530 1023 697 1066 fructus
730 1026 1022 1081 Dudresnayae
1054 1029 1136 1070 rite
1158 1030 1456 1081 intellexerim,
1480 1036 1642 1075 fructus

107 1090 162 1131 ab
193 1090 246 1131 iis
278 1089 602 1133 Ceramiearum
634 1108 783 1136 revera
814 1095 939 1149 longe
970 1098 1177 1139 recedunt
1199 1103 1241 1140 et
1263 1114 1359 1140 cum
1380 1101 1431 1142 iis
1454 1101 1642 1144 Dumon-

107 1159 344 1200 tiacearum
376 1159 512 1201 multo
545 1163 681 1215 magis
713 1165 983 1206 conveniunt.
1044 1165 1172 1207 Haud
1211 1169 1321 1209 enim
1354 1169 1642 1213 subdivisione

108 1226 273 1267 cellulae
313 1229 536 1282 cujusdam
582 1232 846 1284 praegnantis
892 1233 1031 1274 nuclei
1077 1234 1256 1277 formari
1289 1237 1392 1278 mihi
1430 1239 1641 1292 videntur,

108 1294 181 1335 secl
211 1295 593 1339 transformatione
631 1297 801 1339 filorum
833 1301 1116 1353 peculiarium
1147 1305 1321 1357 proprio
1367 1306 1493 1347 modo
1527 1309 1642 1350 oriri.

106 1363 157 1404 In
187 1364 236 1405 D.
268 1366 464 1406 coccinea
494 1367 652 1407 ramuli
682 1367 852 1409 filorum
884 1370 1245 1412 verticillatorum
1266 1373 1327 1414 ita
1347 1377 1641 1418 transmutan-

106 1435 178 1472 tur
198 1436 247 1472 ut
268 1432 340 1474 fila
369 1434 684 1481 moniliformia,
718 1437 827 1478 serie
850 1438 1133 1479 articulorum
1156 1441 1510 1484 brevissimorum
1542 1459 1641 1486 con—

107 1501 269 1549 stituta,
309 1502 431 1544 initio
478 1504 747 1553 rectiuscula‚
794 1506 966 1547 demum
1013 1522 1124 1561 saepe
1171 1510 1500 1553 vermiformiter
1545 1528 1641 1555 cur-

106 1573 205 1610 vata
238 1569 441 1612 referant.
502 1572 685 1614 Articuli
717 1574 852 1615 infimi
884 1579 926 1616 et
957 1578 1147 1630 supremi
1192 1580 1408 1621 tenuiores
1454 1586 1640 1630 manent,

105 1638 234 1678 medii
266 1639 319 1679 ad
352 1639 603 1681 divisionem
636 1643 771 1694 proni‚
819 1644 975 1685 sensim
1020 1645 1249 1689 incrassati
1296 1652 1338 1689 et
1369 1654 1492 1691 extra
1523 1650 1640 1692 filum

105 1706 350 1758 prominuli‚
375 1708 708 1750 subdividuntur
737 1711 920 1762 demum,
944 1712 1150 1755 divisione
1172 1716 1377 1757 verticali.
1417 1717 1507 1759 Hoc
1529 1718 1642 1760 facto

106 1777 252 1826 partes
298 1777 456 1816 iterum
500 1776 744 1831 iterumque
792 1779 1136 1829 subdividuntur,
1183 1782 1409 1826 fasciculos
1454 1787 1640 1829 minutos

106 1843 435 1895 gemmidiorum
466 1844 720 1897 formantes3
753 1846 925 1888 articuli
947 1849 1076 1890 medii
1096 1849 1267 1892 filorum
1290 1853 1639 1896 moniliformium

105 1909 185 1950 hoc
216 1911 341 1952 modo
373 1912 417 1951 in
458 1912 717 1965 glomerulos
764 1913 949 1957 minutos
995 1918 1233 1969 solvuntur,
1265 1921 1338 1973 qui
1369 1922 1411 1962 in
1442 1923 1639 1964 nucleum

107 1978 264 2019 sensim
295 1979 553 2021 coalescunt.
614 1981 799 2023 Articuli
837 1984 971 2025 infimi
1010 1985 1071 2026 fili
1112 1988 1409 2030 moniliformis
1441 1991 1639 2034 nucleum

107 2047 340 2098 sustinent3
365 2050 553 2100 supremi
577 2063 709 2103 supra
731 2051 929 2093 nucleum
952 2053 1154 2104 eminent,
1177 2055 1295 2096 filum
1318 2058 1639 2108 subterminale,

106 2116 222 2168 quod
254 2130 366 2169 saepe
398 2118 673 2170 conspicuum
704 2124 861 2168 manet,
907 2120 1154 2164 formantes.
1217 2124 1337 2166 Nunc
1368 2126 1442 2168 fila
1472 2129 1640 2170 monili-

104 2184 261 2225 sormia
306 2185 433 2238 plura
475 2187 612 2228 vicina
643 2189 686 2228 in
718 2187 917 2229 nucleum
963 2191 1218 2241 coalescunt,
1267 2209 1447 2246 quorum
1494 2201 1639 2249 partes

105 2252 246 2293 adhuc
278 2254 321 2293 in
354 2258 668 2296 maturescente
700 2256 850 2297 nucleo
881 2258 1230 2312 quandoquidem
1253 2276 1557 2316 recognoscere
1588 2265 1639 2305 li-

105 2325 183 2362 cet.
242 2321 338 2362 Fila
370 2323 694 2375 gemniidiifera
728 2328 776 2365 ut
806 2326 942 2378 magis
974 2327 1155 2381 evoluta,
1189 2330 1351 2371 suntin
1373 2331 1420 2372 D.
1444 2333 1639 2374 coccinea

106 2393 173 2431 sat
204 2390 416 2443 elongata,
451 2395 492 2431 et
523 2392 576 2433 ob
608 2393 812 2434 articulos
843 2395 1006 2436 medios
1046 2396 1308 2439 incrassatos
1347 2400 1512 2441 ambitu
1549 2401 1637 2443 fere

105 2458 368 2507 fusiformia3
400 2460 445 2499 in
476 2460 526 2500 D.
558 2461 835 2513 purpurifera
878 2466 979 2503 sunt
1027 2464 1236 2516 breviora,
1282 2467 1417 2520 magis
1457 2468 1636 2520 clavata,

106 2527 288 2567 articulo
321 2527 552 2580 superiore,
583 2532 630 2569 ut
661 2529 841 2577 videtur„
873 2532 1148 2583 praecociorez
1183 2534 1225 2573 in
1258 2534 1418 2575 nucleis
1448 2540 1635 2578 mature-

105 2595 318 2635 scentibus
351 2595 477 2649 hujus
509 2596 716 2638 articulos
747 2598 970 2639 inferiores
995 2615 1162 2654 quoque
1186 2606 1499 2645 transmutatos
1523 2620 1634 2646 com-

104 2662 232 2715 plecti
264 2667 474 2715 putarem.
517 2665 733 2707 Confiteor
764 2670 907 2708 tamen
939 2682 1005 2709 me
1038 2669 1080 2709 in
1103 2670 1151 2710 D.
1186 2672 1462 2724 purpurifera
1494 2675 1636 2715 omnia

104 2731 243 2771 minus
275 2733 502 2785 perspicua
534 2734 687 2776 vidisse
721 2749 850 2788 quam
882 2737 925 2777 in
956 2737 1004 2777 D.
1037 2739 1244 2780 coccinea.

107 2835 141 2873 l.
174 2834 221 2874 D.
256 2848 531 2878 ruavufflrm-zA
562 2836 628 2890 (J.
662 2836 744 2889 Ay.
776 2836 872 2892 Azy.
906 2839 1008 2880 med.
1023 2853 1071 2892 2).
1094 2841 1167 2895 85)
1190 2841 1339 2883 fronde
1359 2845 1634 2896 pyramidata
