1757 3114
85 123 167 165 394
648 122 1068 165 SPHAERoooocomnAE.

87 236 237 272 Fronde
261 236 498 272 teretiuscula
521 238 590 271 aut
607 235 782 281 planata,
807 234 944 269 aculeis
968 234 1136 270 brevibus

348 295 535 329 instructa
558 296 627 328 aut
649 293 801 328 distiche
819 292 1012 337 pectinata
1054 319 1061 326 .
1112 318 1121 326 .
1168 292 1284 327 XCVI
1308 292 1617 328 PnAcmocfflpus.

85 398 283 448 TRIBUS
321 398 375 447 ll.
445 396 869 446 MELANTHAUEAE
900 406 984 449 filis
1015 407 1341 461 gemmidiiferis
1372 422 1505 462 supra
1523 407 1617 462 pla-

197 481 366 519 centam
388 476 761 530 hemispliaericam
782 489 1130 530 quoquoversum
1147 476 1431 529 radiantibus,
1454 476 1620 518 inferne

197 544 448 586 densissime
480 545 733 598 constipatis
764 544 855 586 fere
877 543 1056 596 coalitis,
1078 545 1339 598 adparenter
1360 545 1618 599 simplicius-

196 613 317 665 culis,
350 613 633 668 cylindraceis
664 614 794 668 longa
825 614 935 655 serie
966 613 1220 665 articulatis,
1245 628 1429 669 superne
1450 614 1618 656 monili·

196 681 408 736 formibus
436 682 616 724 invicem
648 682 810 732 liberis,
843 681 1038 724 articulis
1084 683 1378 736 superioribus
1422 683 1619 736 pluribus

197 750 324 793 simul
354 751 756 802 maturescentibus,
789 751 1031 805 gemmidiis
1075 750 1284 805 oblongis,
1325 751 1491 793 emissis
1521 765 1620 794 mox

199 819 457 861 rotundatis.

173 899 258 935 Fila
281 899 560 946 gemmidiifera
583 900 623 934 in
649 900 718 934 hac
744 899 848 935 tribu
873 902 964 934 sunt
989 902 1028 935 et
1064 899 1316 945 dispositione
1353 903 1392 935 et
1427 899 1548 936 forma
1573 901 1620 936 ab

82 957 129 992 iis
167 957 485 992 Gracilariearum
522 957 755 992 abludentia.
804 957 993 992 Nimirum
1020 969 1041 991 a
1077 959 1158 992 tota
1195 956 1395 1002 superficie
1432 958 1619 1003 placentae

83 1016 169 1060 plus
195 1015 320 1050 minus
347 1015 506 1050 elevatae
533 1014 620 1059 (nec
646 1025 666 1048 a
690 1013 900 1059 parietibus
927 1014 1141 1049 lobulorum
1159 1017 1224 1049 aut
1241 1017 1461 1060 cryptarum
1480 1026 1620 1050 exeun-

83 1071 138 1107 tia
163 1074 202 1106 et
226 1072 437 1107 introrsum
468 1070 830 1117 subconvergentia)
868 1071 1111 1116 proveniunt,
1149 1075 1365 1106 extrorsum
1392 1075 1431 1107 et
1455 1084 1621 1117 quoquo-

82 1141 236 1165 versum
261 1129 469 1172 radiantia3
497 1133 586 1164 sunt
609 1141 723 1175 porro
748 1129 870 1175 magis
899 1131 1089 1175 elongata,
1115 1130 1292 1165 adimam
1310 1131 1439 1165 basem
1457 1131 1512 1166 ita
1530 1131 1620 1165 den-

83 1186 234 1222 sissime
260 1187 488 1232 constipata,
515 1189 558 1221 ut
584 1186 750 1221 invicem
776 1186 1010 1222 cohaerentia
1034 1187 1114 1222 fere
1139 1188 1296 1223 cellulas
1321 1189 1509 1233 placentae
1535 1201 1621 1224 con-

83 1247 207 1279 cretas
233 1244 424 1279 crederes.
476 1243 645 1288 Superne
673 1243 797 1288 spatio
823 1243 896 1277 filis
923 1243 1160 1279 radiantibus
1192 1246 1304 1290 paulo
1336 1245 1490 1290 majore,
1525 1245 1622 1281 invi-

83 1312 164 1336 cem
189 1301 385 1347 paulisper
404 1301 603 1335 discedere
622 1300 819 1342 videntum
840 1304 1030 1346 praeterea
1048 1301 1238 1346 simplicia
1256 1303 1455 1348 adparent,
1473 1302 1622 1337 inferne

83 1358 337 1403 cylindracea,
365 1368 529 1403 superne
560 1357 843 1402 moniliformia,
881 1358 1052 1393 articulis
1091 1359 1349 1403 superioribus
1375 1359 1547 1404 pluribus
1573 1359 1620 1394 si—

81 1414 160 1449 mul
185 1417 228 1449 ut
252 1413 405 1449 videtur
429 1414 792 1458 maturescentibus,
819 1414 1025 1461 gemmidia
1043 1416 1220 1462 oblonga,
1240 1419 1306 1452 aut
1323 1416 1474 1452 demum
1492 1419 1622 1452 rotun-

83 1472 172 1508 data
195 1472 484 1520 generantibus.

352 1553 669 1607 Disponantur:

139 1635 168 1690 †
201 1634 521 1688 Sphoerosporis
550 1636 775 1677 cruciatim
805 1636 960 1678 divisis
990 1636 1036 1678 in
1064 1636 1337 1679 nematlaeciis
1367 1638 1564 1680 externis.

85 1716 236 1751 Fronde
255 1715 377 1760 plana
395 1713 777 1759 palmato-laciniam,
803 1716 934 1750 stratis
959 1715 1101 1751 duobus

347 1774 517 1807 contexta
566 1798 574 1805 .
625 1798 632 1805 .
684 1799 691 1805 .
741 1798 750 1815 ,
799 1798 1099 1806 ......
1148 1771 1284 1807 XCVII
1310 1772 1492 1808 szmAEA.

163 1857 186 1874 „
273 1829 557 1873 tereti-ancipite
580 1829 795 1872 diclzotoma,
820 1829 951 1864 stratis
976 1829 1095 1864 tribus

348 1888 519 1921 conteoeta
568 1912 1104 1921 ..........
1144 1885 1324 1921 XCVIII?
1351 1887 1619 1922 MELANTEALIA.

434 1956 492 2011 ††
526 1955 845 2010 Sphcerosporis
875 1958 1064 1999 zonatim
1095 1957 1262 1999 divisis.

86 2038 237 2073 Fronde
265 2037 594 2081 tereti-compressa
618 2037 834 2082 diclzotoma,
858 2038 990 2072 stratis
1013 2037 1155 2073 duobus

350 2094 552 2128 constituta
635 2120 1168 2129 ..........
1216 2094 1335 2129 XCIX
1359 2094 1575 2130 DICURELLA.

86 2175 286 2226 TRIBUS
324 2175 402 2225 ΙΙΙ.
474 2175 850 2225 GRAGILARIEAE
891 2186 974 2228 filis
1010 2186 1335 2240 gemmidiiferis
1366 2201 1499 2241 supra
1527 2187 1620 2242 pla-

197 2259 366 2297 centam
387 2256 673 2297 incrassatam
696 2254 906 2297 elevatam
929 2255 1153 2309 superficie
1176 2255 1481 2310 subaequalem,
1499 2256 1619 2298 loba-

199 2328 289 2366 tam
311 2328 387 2366 aut
409 2324 569 2379 cryptis
590 2323 941 2377 profundioribus
963 2324 1243 2378 exsculptam,
1262 2338 1288 2366 a
1304 2324 1528 2378 superficie
1545 2328 1620 2366 aut

198 2393 436 2448 parietibus
467 2395 716 2447 cryptarum
747 2393 1025 2433 circumcirca
1054 2392 1417 2448 proveni-entibus,
1438 2391 1619 2434 fascicu-
1667 2401 1670 2403 ’
1708 2398 1715 2403 ”

197 2462 504 2513 lato-ramosis,
544 2461 676 2503 ramis
716 2460 917 2502 brevibus
962 2461 1206 2502 articulatis
1251 2461 1430 2502 invicem
1460 2461 1618 2511 liberis,

200 2530 394 2572 articulis
416 2529 713 2572 terminalibus
746 2529 937 2571 obovatis
968 2529 1312 2581 praecoeioribus,
1343 2529 1619 2571 inferioribus

200 2600 356 2641 sensim
388 2597 789 2647 maturescentibus,
822 2596 1065 2650 gemmidiis
1102 2597 1310 2651 oblongis,
1350 2596 1513 2639 emissis
1550 2611 1617 2639 ro-

198 2667 404 2709 tundatis.

176 2748 359 2782 Placenta
382 2747 422 2781 in
446 2747 516 2781 hac
542 2747 645 2782 tribu
681 2757 900 2792 permagna,
939 2757 1005 2780 suo
1042 2745 1196 2791 proprio
1232 2746 1343 2781 modo
1374 2746 1616 2791 complicata:

91 2804 310 2850 superficies
335 2805 514 2839 nimirum
539 2806 604 2838 aut
629 2804 768 2839 leviter
793 2805 941 2837 tantum
978 2803 1336 2848 lobato-inaequalis,
1373 2805 1438 2837 aut
1473 2803 1618 2849 cryptis

88 2864 306 2896 extrorsum
332 2861 474 2907 apertis
501 2863 701 2905 excavata3
728 2862 880 2906 cryptas
906 2859 985 2895 vidi
1005 2860 1177 2905 juniores
1195 2861 1315 2907 magis
1333 2861 1617 2906 pateraeformes
