1757 3114
105 87 188 130 414
680 88 1102 134 SPHAEROCOOOOIDEAE.
1368 92 1635 136 Gracilaria.

209 216 373 255 parum
401 204 696 256 uisiyuitudiuc
725 203 1040 256 superantibus.
1064 205 1311 256 parietibus
1331 208 1514 259 crassis3
1547 221 1635 249 cor-

219 272 418 314 ticalibus
451 273 493 312 iii
524 272 662 314 sterili
691 273 1180 323 subiiiouostromaticis,·
1202 276 1444 327 pericaipii
1474 274 1636 316 cellulis

217 341 495 382 interioribus
526 341 776 383 subdissitis
798 341 1049 394 plerimique
1069 343 1289 394 conspicue
1310 347 1636 386 anastomoscm-
1662 350 1670 357 ‘

219 409 356 458 tibus;
378 408 581 461 placenta
625 411 846 462 conspicue
885 408 1088 459 tabidosa,
1118 410 1226 451 iii-teo·
1257 411 1370 453 Zobos
1403 426 1430 453 a
1451 411 1636 464 paricti-

218 476 294 518 bus
325 480 570 529 cryptarum
592 477 835 531 fasciculos
854 476 1031 530 filorum
1075 478 1266 519 emittens
1277 491 1291 528 ,·
1331 479 1637 531 splicerosporae

219 546 329 587 iuter
348 545 434 599 fila
463 547 592 588 strati
622 545 837 587 corticulis
869 547 1008 598 massis
1039 545 1191 587 evoluti
1220 546 1475 589 uidulautes.

106 661 128 684 ’γ’
163 661 408 703 Froiidibus
439 663 637 704 teretibus
667 676 998 715 quoquoversum
1028 664 1229 713 ramosis,
1258 664 1397 705 ramis
1419 666 1638 706 acumina-

692 732 748 773 tis
779 731 1047 772 divaricatis.

106 823 143 862 5.
175 822 250 863 GR.
283 836 448 863 ARMATA
478 821 548 877 (C.
580 823 661 876 Ay.
696 823 829 877 Aufz.
858 837 905 876 p.
952 823 1019 876 73)
1065 823 1218 864 fronde
1264 825 1392 866 tereti
1437 838 1638 867 carnoso-

220 890 503 944 cartilaginea
533 892 723 945 undique
755 905 938 941 ramosa,
962 891 1093 932 ramis
1125 891 1426 945 decompositis
1448 893 1639 934 laterali-

218 964 284 1000 ter
321 960 563 1010 ramulosis,
610 975 722 1001 nunc
769 960 958 1001 curvatis
1005 965 1047 1001 et
1086 964 1328 1002 extrorsum
1373 961 1640 1003 subsecunsle

220 1029 461 1081 ramulosis,
483 1029 661 1071 ramulis
690 1029 946 1071 lateralibus
969 1029 1249 1083 apicibusque
1271 1044 1297 1071 a
1318 1031 1411 1071 basi
1432 1031 1641 1072 crassiore

219 1098 489 1147 acuminatis,
530 1097 765 1139 fructiferis
812 1098 1050 1139 evidentius
1097 1097 1321 1147 subulatis,
1369 1099 1565 1140 coccidiis
1598 1100 1640 1140 in

217 1166 387 1208 ramulo
420 1166 601 1221 singulis
633 1170 709 1207 aut
748 1166 960 1219 pluribus.
999 1165 1044 1208 J.
1078 1166 1158 1219 Agl.
1194 1166 1266 1219 Sp.
1294 1181 1337 1219 p.
1369 1168 1460 1207 591.
1496 1166 1640 1220 Sphoe-

217 1249 300 1276 roc.
331 1239 530 1277 armatus
564 1234 606 1276 C.
641 1235 723 1288 Agl.
756 1235 781 1275 l.
815 1250 846 1276 c.
883 1235 1014 1277 Kirra.
1046 1236 1129 1276 tab.
1166 1235 1295 1289 Phys.
1340 1235 1426 1277 Vol.
1459 1235 1648 1278 XVIII

218 1303 301 1345 tab.
334 1305 400 1344 77.

370 1371 481 1414 Hab.
513 1372 557 1413 in
587 1373 697 1413 mari
728 1372 1045 1414 mediterraneo
1077 1376 1120 1414 et
1151 1372 1374 1414 adriatico.

106 1477 143 1517 6.
176 1476 251 1518 GR.
284 1490 415 1518 FEROX
446 1476 515 1531 (J.
548 1478 628 1531 Ay.
665 1477 736 1530 Sp.
760 1492 807 1530 p.
840 1479 941 1533 592)
963 1477 1116 1519 fronde
1137 1479 1419 1520 teretiuscula
1440 1492 1640 1520 carnoso-

218 1545 504 1599 cartilaginea
549 1545 1073 1587 subdichotomo-ramosa
1119 1547 1468 1601 subcorymbosa,
1507 1548 1641 1588 ramis

218 1613 520 1667 decompositis
552 1613 855 1664 conformibus,
878 1613 1043 1656 inferne
1065 1615 1244 1656 ramulis
1266 1615 1522 1657 lateralibus
1544 1616 1641 1658 bre-

218 1682 419 1733 vioribus,
470 1696 654 1735 superne
700 1682 967 1735 longioribus
1013 1684 1291 1737 corymbosis‚
1322 1684 1502 1726 ramulis
1532 1684 1640 1725 late-

216 1750 381 1792 ralibus
413 1751 695 1805 apicibusque
727 1765 752 1792 a
782 1752 875 1793 basi
908 1752 1119 1793 crassiore
1150 1753 1407 1794 acuminatis
1429 1753 1640 1795 subulatis

219 1824 295 1860 aut
327 1820 670 1871 clentiformibus‚
707 1820 904 1862 coccisliis
943 1835 1064 1862 secus
1102 1835 1245 1863 ramos
1284 1822 1445 1875 sparsis
1475 1821 1640 1862 distan-

218 1888 415 1930 tioribus.

274 1956 384 1998 Hab.
415 1957 469 1998 ab
503 1957 666 1998 insulas
698 1957 831 1999 Indiae
864 1958 1142 1999 occidentalis
1173 1962 1216 1999 et
1245 1957 1394 1999 littora
1433 1957 1639 1998 Americae

425 2039 586 2067 vlcinae.

196 2104 271 2139 Sub
296 2104 446 2140 nomine
474 2104 595 2139 Rhocl.
623 2105 855 2140 cervicornis
882 2106 1091 2151 Montagne
1123 2106 1186 2139 Gr.
1215 2106 1474 2140 eervicornem
1512 2116 1640 2139 veram

103 2162 143 2195 in
168 2161 259 2206 Voy.
286 2161 410 2196 Bonit.
438 2173 473 2206 p.
500 2162 579 2196 108.
608 2161 858 2205 descripsisse
896 2162 1061 2205 videtur,
1099 2163 1328 2207 comparatis
1355 2162 1640 2197 characteribus

105 2217 215 2252 datis.
251 2219 293 2252 In
312 2218 578 2253 observatione
604 2229 694 2252 vero
720 2218 808 2251 (lein
835 2218 881 2252 de
909 2219 1178 2263 speciminibus
1206 2220 1250 2253 ad
1277 2219 1508 2263 Martinique
1528 2230 1548 2252 a
1566 2220 1640 2253 Du-

103 2285 241 2319 perrey
266 2273 378 2308 lectis
405 2274 637 2307 mentionem
662 2274 766 2318 fecit,
793 2286 875 2318 quae
903 2286 977 2309 sec.
1006 2275 1200 2320 specimen
1220 2288 1263 2309 ex
1284 2276 1415 2310 eodem
1434 2276 1537 2310 fonte
1556 2287 1640 2320 pro-

105 2331 276 2374 veniens,
304 2331 350 2365 ad
377 2330 440 2365 Gr.
467 2330 574 2365 ferox
598 2331 793 2375 pertinere
826 2331 1016 2365 videntur.
1052 2332 1158 2365 Hanc
1184 2333 1368 2376 plantam,
1396 2343 1440 2365 ex
1467 2332 1641 2366 Martini-

105 2400 176 2432 que
203 2399 224 2422 a
249 2388 458 2433 Montagne
484 2388 653 2431 missam,
680 2399 826 2431 quoque
854 2387 1029 2432 depinxit
1049 2388 1215 2434 Kutzing
1233 2389 1384 2422 nomine
1413 2388 1501 2433 Sph.
1522 2388 1641 2423 cervi-

105 2446 230 2481 cornis
260 2446 346 2481 Tab.
376 2446 489 2491 Phyc.
525 2445 603 2480 Vol.
632 2445 782 2480 XVIII
804 2446 874 2480 tab.
902 2446 956 2479 79.
1006 2445 1186 2480 Nostrum
1216 2446 1408 2491 specimen
1434 2449 1539 2480 certe
1564 2457 1639 2479 non

104 2505 272 2548 planum,
301 2503 367 2537 sed
392 2503 684 2549 teretiusculum
711 2505 749 2537 et
777 2514 1079 2546 quoquoversum
1098 2514 1302 2539 ramosum:
1331 2503 1429 2546 quod
1447 2507 1574 2537 tamen
1593 2514 1639 2536 ex

105 2561 212 2596 icone
238 2561 449 2606 Kutzingii‚
476 2573 551 2595 non
577 2560 729 2595 omnino
755 2563 901 2595 certum
927 2561 973 2594 de
1000 2572 1066 2594 sua
1092 2561 1290 2595 enuntiare
1318 2560 1508 2594 auderem.

108 2666 144 2705 7.
177 2665 251 2706 GR.
284 2678 605 2707 oononorlroLIA
637 2665 704 2720 (J.
738 2664 818 2718 Ay.
853 2665 924 2719 Sp.
947 2680 994 2718 p.
1029 2667 1129 2721 592)
1157 2666 1308 2707 fronde
1339 2666 1465 2707 tereti
1488 2679 1638 2707 carno-

219 2733 577 2787 so-cartilaginea
608 2733 1132 2775 subdiohotomo-ramosa
1164 2734 1416 2787 corymbosa
1446 2733 1636 2775 demum—

219 2816 301 2854 que
332 2803 374 2842 in
407 2802 581 2855 globum
613 2816 815 2856 expansa,
847 2803 978 2844 ramis
1012 2803 1312 2857 decompositis
1333 2801 1636 2852 conformibus,
