1757 3114
123 117 207 159 404
687 116 1107 159 SPHAEROCOCOOIDEAE.
1235 148 1239 149 γ
1360 115 1660 160 Melanthalia.

125 227 283 282 Typhae
314 229 586 281 aemulantes3
628 228 906 281 microscopio
946 227 1162 268 observati
1199 233 1442 269 monstrant
1473 234 1660 270 stratum

114 297 327 339 ,corticale
359 298 511 340 eximie
543 297 772 348 evolutum,
805 298 848 337 in
880 296 953 337 fila
984 296 1266 348 stipatissima
1295 297 1528 338 articulata
1559 298 1659 339 sub-

123 365 294 408 clavata
338 370 566 407 mutatum.
628 367 692 407 Ad
738 367 879 420 apices
930 365 1100 406 filorum
1145 365 1463 419 sphaerosporas
1516 366 1658 408 videre

124 435 287 476 credidi
318 439 364 476 at
395 449 609 489 nusquam
655 436 718 477 ita
762 436 922 477 divisas
967 442 1016 476 ut
1051 434 1104 476 de
1136 435 1357 476 divisionis
1388 435 1515 476 modo
1541 436 1658 489 judi-

123 517 222 546 care
253 505 415 546 liceret.

237 573 298 615 De
330 574 570 627 specierum
615 575 813 629 diagnosi
859 574 1080 627 opiniones
1124 574 1306 615 variant.
1366 573 1473 614 Mihi
1511 573 1657 626 plures

123 642 285 694 species
316 641 467 683 adesse
498 643 710 693 videntur,
744 656 839 696 quae
862 656 960 684 vero
982 655 1094 695 aegre
1121 641 1444 683 characteribus
1475 643 1656 682 circum-

122 710 382 751 scribuntur.
443 710 734 763 Nemathecia,
766 725 862 765 quae
894 712 937 752 in
968 725 1056 751 una
1087 711 1227 764 specie
1257 710 1384 751 hodie
1415 710 1558 764 quoad
1580 709 1656 750 ad-

123 782 316 830 spectum
346 780 529 832 cognita,
563 780 631 821 vix
663 780 842 821 eandem
874 779 1059 820 formam
1097 780 1141 819 in
1178 779 1274 820 aliis
1314 778 1537 832 speciebus
1569 792 1656 819 ser-

120 846 268 888 vantia
300 849 563 901 suspicarer;
596 848 661 889 his
692 849 840 902 itaque
871 848 914 888 in
954 847 1153 889 omnibus
1193 847 1375 900 cognitis
1414 847 1465 888 de
1497 846 1656 900 specie-

121 928 218 955 rum
250 915 449 970 diagnosi
472 917 630 958 certius
647 917 843 971 judicare
872 915 1010 957 liceat.
1052 916 1223 957 Interea
1244 916 1311 957 liis
1334 921 1454 957 utere
1478 930 1656 957 mecum.

124 1010 160 1048 1.
192 1008 246 1048 Μ.
278 1022 467 1050 ABSCISSA
498 1010 657 1064 (Turn.
690 1009 807 1051 Hist.
839 1009 921 1050 (ab.
954 1009 1056 1063 223)
1084 1008 1237 1050 fronde
1253 1009 1434 1063 juvenili
1456 1008 1654 1061 ancipite,

237 1076 451 1118 adultiore
484 1078 642 1119 sensim
681 1078 924 1119 incrassata
968 1077 1249 1119 teretiuscula
1289 1076 1655 1119 dichotomo-sub-

235 1145 427 1197 pinnata,
459 1147 593 1187 ramis
623 1146 901 1188 inferioribus
923 1146 1202 1197 abbreviatis3
1236 1146 1530 1199 superioribus
1562 1158 1654 1186 sen-

237 1214 316 1255 sim
348 1215 477 1257 dense
509 1215 785 1267 sasciculatis,
818 1215 991 1257 deinum
1012 1216 1134 1257 nidos
1157 1215 1438 1270 subglobosos
1469 1215 1657 1256 forman-

235 1284 363 1336 tibus,
395 1286 527 1327 ramis
560 1286 648 1327 nidi
680 1286 859 1340 singulis
898 1285 1387 1340 flabellato-fastigiatis,
1427 1285 1657 1339 segmentis

233 1354 483 1405 patentibus
515 1354 815 1402 teretiusculis,
855 1355 1155 1397 terminalibus
1201 1355 1468 1408 compressis,
1505 1354 1657 1407 penul-

234 1421 351 1462 timis
395 1423 595 1476 capsulas
641 1428 899 1478 aggregatas
946 1424 1207 1477 gerentibus.
1256 1422 1390 1465 Hoolv.
1437 1427 1474 1464 et
1520 1422 1656 1464 Harv.

235 1489 333 1543 Aly.
369 1491 477 1533 Nov.
518 1491 604 1533 Zel.
627 1505 674 1544 p.
708 1493 772 1533 28.
803 1491 848 1535 J.
882 1492 965 1545 Ay.
1002 1491 1073 1545 Sp.
1097 1506 1144 1544 p.
1179 1491 1271 1532 613.
1315 1490 1457 1533 Fue-us
1493 1491 1656 1532 abscis-

233 1572 308 1600 sus
344 1559 477 1602 Turn.
511 1559 535 1600 l.
566 1574 598 1602 c.
645 1563 703 1601 M.
736 1559 1027 1603 Jauhertiana
1073 1560 1207 1602 Mont.
1249 1558 1362 1601 Ceut.
1405 1558 1491 1601 IV.
1513 1573 1561 1612 p.
1592 1559 1656 1600 36.

236 1641 325 1669 cum
358 1627 505 1670 icone?
536 1628 642 1682 (non
673 1628 857 1670 aliorum
889 1629 1035 1684 auct.)

388 1696 454 1737 Ad
487 1696 650 1738 Novam
682 1697 944 1738 Zelandiam.

210 1775 348 1810 Planta
373 1776 526 1821 depicta
551 1777 713 1811 Tur-neri
738 1777 832 1811 mihi
861 1777 1042 1822 juvenilis
1070 1777 1240 1819 videtum
1278 1775 1499 1822 Montagnei
1525 1776 1655 1810 fructi-

119 1833 237 1867 feram
262 1832 394 1877 refert,
422 1837 549 1868 tamen
574 1835 699 1869 minus
726 1835 844 1870 dense
870 1846 1055 1870 ramosam
1082 1846 1192 1879 quam
1218 1839 1399 1871 nostram.

120 1917 158 1957 2.
189 1916 246 1958 M.
278 1930 487 1959 CONCINNA
517 1917 579 1969 (J.
612 1918 694 1971 Ay.
724 1920 873 1972 mser.)
903 1918 1056 1960 fronde
1087 1917 1277 1959 filiformi
1309 1931 1359 1960 ex
1389 1918 1515 1959 tereti
1541 1931 1655 1958 com-

232 1998 383 2037 pressa
404 1985 965 2040 dicliotomo-decomposita
986 1987 1256 2040 subpinnata,
1280 1987 1412 2027 ramis
1440 1986 1654 2027 inferiori-

234 2053 314 2095 bus
346 2053 441 2095 aliis
473 2054 749 2105 abbreviatis,
783 2055 1077 2109 superioribus
1110 2053 1558 2105 cuneato-flabellatis,
1590 2054 1654 2096 fa-

226 2112 432 2174 stigiatis,
465 2124 694 2175 segmentis
726 2137 859 2176 supra
905 2123 1058 2164 axillas
1104 2123 1362 2165 rotundatas
1407 2124 1654 2177 patentibus

233 2202 285 2230 ex
328 2190 455 2230 tereti
501 2191 767 2243 compressis,
814 2191 1001 2243 capsulis
1047 2204 1168 2232 secus
1221 2205 1365 2232 ramos
1410 2192 1653 2244 superiores

234 2259 408 2311 sparsis,
441 2259 721 2300 nematheciis
766 2260 909 2313 apices
954 2273 1174 2301 ramorum
1205 2261 1248 2302 in
1279 2261 1422 2302 clavas
1452 2261 1653 2302 teretius-

233 2326 352 2367 culas
384 2331 571 2369 mutatos
604 2328 924 2380 occupantibus.
961 2328 1105 2370 Fueus
1143 2330 1371 2370 concinnus
1408 2328 1538 2370 Turn.
1571 2328 1652 2369 tab.

236 2395 314 2436 153
347 2395 512 2450 (quoad
546 2396 874 2449 descriptionem
907 2400 948 2437 et
986 2397 1163 2446 iconem,
1210 2398 1305 2439 aliis
1352 2397 1653 2451 speciminibus

232 2462 419 2505 Brownii
451 2464 506 2505 ad
539 2464 801 2506 Dicurellam
847 2465 1098 2506 concinnam
1130 2466 1412 2521 referendis),
1445 2465 1652 2507 Melanth.

233 2531 515 2574 Iaubertiana
561 2536 599 2574 ct
629 2532 693 2573 M.
739 2533 992 2574 ‘intermedia
1038 2534 1161 2575 Amet.
1197 2535 1379 2587 partim.
1426 2534 1490 2575 M.
1513 2533 1652 2588 fasti·

235 2600 358 2651 §iata
395 2601 525 2642 Kic‘ta.
557 2602 639 2643 tab.
679 2601 805 2655 Plzyc.
849 2601 936 2643 Vol.
975 2602 1103 2644 XIX
1131 2603 1212 2644 tab.
1244 2602 1324 2644 44?

384 2670 449 2711 Ad
482 2670 646 2712 Novam
679 2671 956 2713 Hollandiam
988 2672 1236 2714 australem.

119 2747 155 2787 3.
190 2746 244 2787 M.
279 2761 484 2790 oss‘rusATA
516 2750 647 2804 (Lab.
685 2751 790 2793 Nov.
823 2751 937 2793 Holl.
972 2752 1053 2794 tal).
1087 2753 1188 2809 255)
1209 2753 1360 2794 fronde
1382 2752 1649 2805 plano-anci-

231 2816 332 2868 pite,
364 2817 450 2858 ima
470 2818 565 2860 basi
597 2818 768 2860 demum
799 2820 1051 2866 incrassata,
1094 2820 1650 2873 dichotomo-decomposita
