1757 3114
113 87 193 128 672
779 82 1045 123 CHONDRIEAE.
1448 78 1639 121 Delisea.

226 198 455 252 pectinata,
488 196 687 238 dentibus
726 195 991 248 simplicibus
1028 194 1140 234 inter
1170 193 1326 246 pinnas
1357 191 1547 246 ejusdem
1576 190 1640 231 la-

229 267 332 307 teris
363 265 530 306 seriatis
562 263 771 316 pluribus,
804 276 986 316 superne
1017 274 1128 313 saepe
1159 261 1312 314 quinis‚
1344 259 1507 300 inferne
1530 272 1640 299 1111110

228 334 589 376 numerosioribus
636 332 978 374 subdistantibus
1024 344 1101 371 sua
1146 329 1424 383 longitudine:
1454 328 1641 369 rachidis

229 403 498 444 latitudinem
544 400 639 454 plus
687 400 815 453 duplo
862 398 1178 452 superantibus,
1224 396 1397 437 rachide
1441 395 1641 436 inferiore

228 473 356 513 dense
399 471 617 519 corticata,
649 469 896 510 kerainidiis
928 468 1064 509 ovatis
1095 466 1208 507 infra
1238 466 1379 519 apices
1410 466 1453 505 in
1483 465 1642 518 pagina

230 539 459 589 303311111113,
491 538 775 591 carpostomio
807 550 973 590 supero.
1008 535 1231 577 Bowicsia
1252 534 1434 587 pulchra
1469 533 1592 575 Grev.
1617 533 1642 573 l.

229 622 260 649 (³.
293 606 543 649 Calocladz'a
566 606 751 659 pulchra
783 605 909 647 Grev.
942 605 987 645 in
1018 603 1162 644 Linea.
1195 603 1360 644 Introd.
1392 602 1455 643 II
1470 616 1516 654 p.
1549 601 1641 641 436.

231 675 407 717 Deletsea
429 674 613 727 pulchra
645 674 805 723 Meum
838 671 975 714 Har'v.
1010 671 1112 712 Ner.
1144 674 1278 712 austr.
1308 670 1389 711 tab.
1413 669 1478 710 34.
1515 668 1641 721 Phye.

227 746 361 784 (castr.
408 743 489 783 tab.
537 744 598 783 16.
645 742 689 783 J.
735 740 815 794 Ay.
851 740 922 792 Sp.
947 753 993 792 Ρ.
1025 740 1107 780 784
1137 739 1336 793 (partim)
1385 738 1514 779 Kiitzz
1561 737 1642 778 tab,

232 812 358 865 Phyc.
403 811 490 853 Vol.
526 810 713 852 XVIII
739 809 820 850 tab.
853 810 917 849 (58.

228 880 334 921 Hab.
367 879 421 920 ad
453 892 549 921 oras
587 878 714 920 Novae
754 877 991 919 Hollandiae
1024 876 1237 930 praecipue
1276 875 1517 917 orientales.
1576 874 1641 915 Ad

376 947 540 988 Novam
570 946 818 988 Zelandiam
849 945 1064 987 rarissime
1096 943 1334 998 Berggren!

115 1045 151 1085 6.
184 1043 282 1084 Dm„
314 1053 535 1082 rinssnlATA
566 1040 708 1091 (Lam.
745 1038 846 1080 Ess.
899 1037 1022 1078 Thai.
1068 1036 1150 1078 tab.
1197 1036 1289 1078 III
1308 1036 1384 1090 fiss.
1418 1036 1462 1091 1)
1492 1033 1642 1075 fronde

226 1109 442 1164 subplana
472 1108 962 1162 decomposito-pinnata
993 1106 1276 1159 dentibusque
1308 1103 1642 1145 delteo-subula-

223 1180 279 1220 tis
313 1179 541 1232 pectinata,
574 1177 773 1218 dentibus
805 1174 1069 1228 simplicibus
1107 1173 1218 1214 inter
1256 1173 1408 1226 pinnas
1454 1170 1641 1225 ejusdem

228 1247 376 1288 lateris
408 1246 577 1287 seriatis
608 1244 816 1298 pluribus,
850 1255 1032 1295 superne
1067 1255 1177 1294 saepe
1209 1241 1361 1294 quinis,
1392 1253 1520 1280 nervo
1544 1253 1641 1279 con-

228 1315 373 1369 spicuo
404 1315 631 1367 percursis,
664 1325 741 1353 sua
772 1311 1038 1363 longitudine
1069 1308 1342 1350 latitudinem
1363 1307 1552 1349 rachidis
1574 1307 1640 1348 vix

227 1382 510 1436 aequantibus,
543 1380 718 1421 rachide
750 1379 949 1420 inferiore
981 1378 1110 1419 dense
1141 1377 1360 1427 corticata,
1391 1375 1640 1417 ke1·a1nidiis

227 1452 281 1493 ad
322 1452 461 1505 apices
493 1451 723 1503 pinnarum
754 1449 797 1488 in
828 1448 987 1501 pagina
1031 1446 1162 1500 plana
1207 1445 1436 1487 sessilibus.
1482 1443 1526 1487 J.
1558 1443 1639 1497 Ay.

228 1519 298 1573 Sp.
321 1533 368 1572 p.
399 1519 493 1559 785.
528 1516 626 1560 Del.
645 1517 872 1571 fimbriata
905 1516 1128 1565 Lamom·.3
1160 1517 1290 1556 Mont.
1313 1513 1425 1555 Ama.
1450 1513 1512 1556 Sc.
1539 1513 1640 1554 Nat.

227 1590 333 1630 1844
365 1588 445 1629 tab.
479 1587 631 1640 IIfiy.
666 1587 684 1626 1
720 1599 856 1627 a—m.
893 1585 1021 1626 Kritz.
1053 1584 1134 1625 tab.
1172 1583 1300 1636 Phyc.
1336 1582 1422 1624 Vol.
1460 1581 1647 1623 XVIII

374 1739 500 1773 Genus
526 1737 648 1772 dubiae
676 1735 888 1771 affinitatis:

114 1797 335 1831 PomcLAmA
362 1797 480 1830 Mont.
507 1797 547 1830 in
574 1795 688 1830 Kfztz.
717 1795 779 1839 Sp.
800 1806 840 1839 p.
868 1794 945 1828 769.
974 1792 1036 1828 Fl.
1066 1792 1159 1827 Chil.
1193 1791 1298 1826 VIII
1311 1803 1352 1836 p.
1379 1792 1456 1826 328.
1484 1790 1576 1835 Syll.
1603 1801 1638 1834 p.

201 1855 279 1888 430.
306 1854 478 1889 Reum‘on
497 1865 537 1897 p.
564 1854 608 1887 13
633 1853 703 1887 tab.
733 1851 860 1886 XVII
879 1853 912 1885 2.

112 1922 233 1956 Frons
254 1921 438 1957 filiformis
464 1933 622 1963 ramosa,
650 1921 815 1964 undique
842 1919 982 1954 vestita
1007 1918 1174 1953 ramellis
1195 1917 1477 1963 spiniformibus
1504 1916 1638 1961 rigidis

203 1979 395 2022 brevibus,
423 1979 528 2023 apice
555 1978 699 2013 obtusis
727 1976 1019 2012 subincrassatis
1046 1977 1084 2010 in
1103 1975 1371 2020 conceptacula
1388 1974 1477 2008 olim
1495 1976 1640 2007 mutan-

202 2037 285 2071 dis?
315 2036 530 2071 Structura:
558 2037 706 2071 cellulis
726 2035 898 2070 omnibus
918 2035 1035 2069 firmis
1056 2037 1157 2069 arcte
1177 2032 1401 2078 conjunctis,
1420 2032 1640 2074 minoribus,

202 2094 474 2128 medullaribus
502 2093 703 2138 elongatis,
731 2093 915 2127 diametro
952 2092 1101 2134 minori7
1127 2090 1383 2135 peripheriam
1409 2101 1541 2124 versus
1576 2089 1639 2122 ob-

201 2151 520 2196 longo-ovalibus,
565 2150 808 2184 corticalibus
844 2149 1001 2183 minutis
1039 2147 1252 2194 granulosis
1289 2146 1518 2191 rotundatis,
1556 2147 1640 2180 sub-

201 2206 342 2241 stantia
366 2207 583 2252 grumulosa
607 2206 711 2240 fusca
736 2205 908 2250 repletis.

112 2277 153 2312 P.
181 2277 422 2311 Conmnfzsosn
449 2276 566 2311 Mont.
594 2276 616 2309 l.
643 2286 671 2310 c.
700 2276 814 2310 Kritz.
843 2275 914 2310 tab.
942 2274 1054 2319 Plzyc.
1090 2274 1167 2308 Vol.
1196 2272 1348 2308 XVIII
1367 2273 1438 2308 tab.
1464 2274 1520 2307 67.

374 2334 469 2369 Hab.
497 2333 543 2367 ad
567 2333 738 2378 Insulam
761 2332 949 2367 Bourbon.

201 2401 296 2436 Mihi
322 2402 452 2447 planta
477 2402 677 2436 admodum
702 2401 816 2435 dubia
841 2400 1000 2435 videtur.
1048 2399 1224 2434 Iconibns
1250 2398 1472 2444 Montagnei
1491 2401 1529 2432 et
1547 2397 1640 2432 Klit-

112 2459 227 2505 zingii
252 2459 493 2504 comparatis7
520 2459 677 2493 eandem
702 2459 873 2502 plantam
898 2457 1124 2491 delineatam
1151 2456 1267 2491 fuisse
1287 2456 1350 2491 vix
1375 2456 1563 2490 crederes.
1598 2455 1639 2488 In

111 2518 218 2553 icone
244 2516 465 2562 Montagnei
500 2515 652 2551 habitus
689 2515 768 2550 fere
807 2517 865 2550 est
902 2513 1085 2559 Spyridiae
1111 2513 1343 2558 cupressinae
1371 2516 1409 2547 et
1433 2513 1472 2546 in
1498 2512 1639 2556 analysi

113 2577 316 2608 structurae
348 2574 453 2606 nulla
477 2572 618 2606 indicia
644 2572 756 2606 strati
781 2571 1015 2613 medullaris,
1042 2571 1141 2615 quod
1167 2573 1203 2604 et
1229 2570 1268 2604 in
1289 2569 1462 2614 diagnosi
1480 2569 1639 2603 Generis

112 2632 335 2666 memoravit
360 2631 565 2676 Montagne
592 2633 630 2664 et
655 2629 694 2663 in
726 2630 832 2664 icone
871 2628 1077 2663 delineavit
1113 2627 1292 2672 Kiitzing.
1341 2627 1461 2661 Frons
1489 2638 1509 2660 a
1533 2627 1639 2660 Mon-

112 2692 249 2734 tagneo
275 2688 461 2722 filiformis
488 2687 642 2730 dicitur3
670 2699 691 2721 a
715 2687 919 2733 Kiitzinglo
944 2686 1077 2721 obtuse'
1104 2685 1255 2730 trigona
1280 2684 1506 2718 delineatur.
1546 2683 1638 2716 Kiit-

113 2745 199 2788 zing
218 2748 255 2778 et
273 2745 478 2788 Montagne
496 2755 615 2788 genus
634 2744 735 2778 inter
754 2744 943 2778 Gelidium
963 2746 1001 2776 et
1018 2741 1335 2786 Phacelocarpum
1353 2741 1638 2785 disposuerunt.

112 2803 278 2845 Harvey,
305 2802 431 2836 nescio
457 2814 529 2845 qua
555 2803 714 2845 ratione,
742 2803 931 2847 subg-enus
958 2800 1177 2835 Laui-eneis}
1203 2799 1470 2834 consideravit.
