1757 3114
1623 98 1704 141 683

137 212 221 253 ’ad
251 225 349 266 pag.
383 212 463 252 190
493 216 536 253 et
566 225 682 265 sequ.

166 306 205 346 4.
239 305 473 346 GIGARTINA
506 303 770 346 CHAPMANNI.

258 383 504 428 Cystocarpia
528 383 574 418 ad
601 384 765 418 ramulos
792 385 973 417 oaeterum
998 394 1073 417 non
1106 385 1270 418 mutatos
1302 382 1516 418 lateraliter
1542 383 1704 419 intume-

168 440 327 484 scentia,
356 441 600 486 subglobosa,
626 451 726 475 nunc
753 440 920 485 singula,
944 451 1044 473 nunc
1069 440 1222 485 gemina
1247 440 1432 484 opposita,
1459 453 1558 475 nunc
1583 441 1622 475 in
1648 453 1704 475 ra-

165 498 268 533 mulo
293 497 403 542 plura
428 497 518 532 vidi.
569 498 648 542 Quo
673 497 793 542 igitur
817 498 899 533 loco
932 497 971 531 in
998 497 1096 531 serie
1129 498 1340 542 specierum
1371 499 1469 533 hanc
1500 498 1704 543 disponen-

167 556 251 590 dam
278 555 489 600 suspicatus
526 567 620 598 sum,
659 555 791 590 eodem
827 556 925 591 bene
962 554 1189 589 retineatur.
1239 554 1375 589 Planta
1400 558 1581 590 caeterum
1606 567 1705 591 nunc

166 612 429 657 erectiuscula,
455 613 604 657 qualem
630 611 829 657 descripsi,
855 622 955 646 nunc
980 611 1210 646 decumbens
1229 614 1268 646 et
1285 611 1549 656 subintricata,
1568 612 1611 647 G.
1631 612 1704 647 aci-

164 669 331 704 cularem
357 672 526 705 nostram
552 669 737 704 referens.

168 761 259 802 13a.
292 762 527 803 GIGARTINA
558 774 826 803 MAeRoeARPA
856 759 925 815 (J.
956 759 1037 814 Ay.
1071 763 1219 817 mser.)
1250 761 1401 804 fronde
1433 763 1571 805 sterili
1592 766 1704 805 tere-

278 830 476 882 tiuscula,
509 834 586 872 aut
615 844 798 884 superne
843 844 1090 884 compressa
1120 831 1448 874 subdichotoma
1492 837 1568 875 aut
1598 847 1704 886 vage

279 913 451 941 ramosa
481 898 748 954 ramulisque
780 899 975 941 distichis
1007 899 1200 953 pinnata,
1223 900 1453 953 segmentis
1475 901 1704 955 pinnisque

278 967 632 1017 subacuminatis,
679 967 958 1021 cystocarpiis
1002 968 1046 1008 in
1092 967 1234 1021 pinnis
1272 967 1534 1010 abbreviatis
1573 968 1704 1011 dense

280 1035 452 1076 seriatis
498 1035 863 1089 provenientibus,
911 1035 1067 1089 saepius
1119 1035 1316 1089 pluribus
1357 1036 1702 1091 subaggregatis,

280 1103 463 1157 singulis
510 1104 731 1146 sessilibus
770 1108 847 1146 aut
892 1103 1242 1158 subpedicellatis
1287 1103 1475 1159 globosis
1519 1107 1704 1161 magnis,

278 1172 387 1214 soris
419 1173 462 1213 in
494 1173 725 1226 segmentis
758 1173 1053 1227 superioribus
1092 1173 1136 1214 in
1172 1172 1308 1214 lineas
1347 1174 1570 1228 elongatas
1606 1189 1703 1216 con-

277 1240 524 1283 fluentibus.
571 1240 668 1295 619.
707 1241 930 1294 pistillum
976 1240 1114 1283 Harv.
1163 1239 1232 1284 Fl.
1282 1242 1387 1284 Nov.
1420 1242 1507 1285 Zel.
1529 1256 1577 1296 p.
1610 1244 1703 1285 251.

278 1311 404 1366 (exol.
436 1311 634 1367 variet.?)

430 1379 540 1422 Hab.
573 1379 629 1421 ad
659 1393 756 1422 oras
787 1379 916 1422 Novae
948 1379 1175 1433 Zelandiae,
1208 1380 1447 1435 Berggren!

255 1460 427 1495 Frondes
454 1460 517 1494 vix
542 1460 645 1494 ultra
671 1459 926 1505 tripollicares
954 1460 1044 1504 vidi,
1072 1461 1138 1495 sed
1164 1461 1347 1506 plurimas
1375 1473 1499 1497 coram
1525 1462 1638 1498 habui
1665 1466 1704 1498 et

163 1528 292 1551 onmes
320 1516 457 1551 eximie
483 1519 754 1563 congruentes.
784 1516 962 1552 -Steriles
989 1529 1078 1552 vero
1105 1520 1144 1552 et
1168 1517 1376 1553 fructiferae
1410 1521 1538 1564 partes
1575 1520 1701 1555 admo-

164 1574 251 1609 dam
278 1574 455 1617 divorsae,
483 1577 525 1608 ut
550 1574 589 1608 in
614 1574 714 1608 haud
739 1574 867 1619 paucis
893 1574 1105 1621 Gigartinis
1132 1586 1264 1610 norma
1281 1578 1353 1610 est.
1389 1575 1538 1611 Sterilis
1564 1579 1624 1611 est
1648 1579 1702 1612 te-

164 1631 384 1674 ramuscula,
411 1631 564 1666 tenuior
590 1642 701 1675 quam
728 1631 770 1666 G.
798 1631 997 1676 pistillata,
1017 1635 1059 1666 ut
1076 1631 1159 1666 haec
1178 1631 1316 1677 saepius
1343 1632 1517 1675 obvenit3
1544 1636 1583 1667 et
1608 1644 1703 1678 vage

164 1699 468 1732 quoquoversum
493 1688 573 1722 fere
599 1699 759 1723 ramosa.
808 1688 859 1723 Ut
883 1688 923 1722 in
947 1688 1187 1724 fructiferum
1221 1692 1365 1724 statum
1391 1690 1502 1724 abeat
1538 1690 1701 1725 dilatan-

159 1749 222 1780 tur
246 1745 415 1789 frondes,
442 1757 542 1780 nunc
567 1745 701 1781 laevius
734 1748 883 1780 tantum
922 1757 1162 1791 compressae,
1201 1746 1340 1791 saepius
1378 1746 1578 1782 evidenter
1603 1758 1701 1783 com-

159 1803 339 1848 planatae,
366 1806 406 1837 et
432 1802 472 1836 in
499 1802 726 1848 capsulifera
751 1814 772 1836 a
795 1802 1033 1848 marginibus
1052 1803 1188 1848 pinnas
1207 1803 1390 1848 plurimas
1410 1803 1573 1838 distiche
1593 1804 1701 1839 emit-

159 1862 300 1895 tentes.
349 1860 393 1894 In
419 1860 552 1904 planta
576 1861 674 1895 bene
700 1860 854 1895 evoluta
885 1860 944 1894 hae
981 1860 1109 1905 pinnae
1149 1860 1401 1905 densissimae,
1438 1860 1602 1896 invicem
1639 1861 1703 1895 vix

159 1916 301 1951 lineam
328 1917 532 1961 distantes,
559 1928 697 1962 paucas
724 1917 845 1952 lineas
871 1917 1011 1963 longae,
1038 1918 1278 1962 cystocarpia
1313 1917 1465 1963 singula
1501 1920 1565 1952 aut
1602 1930 1702 1963 saepe

161 1975 271 2019 plura
296 1974 580 2020 subaggregata
604 1974 704 2008 infra
728 1974 875 2019 apicem
901 1975 1073 2009 sterilem
1100 1986 1200 2020 saepe
1233 1975 1495 2020 superstitem,
1521 1987 1621 2010 nunc
1645 1975 1701 2021 ip-

162 2043 243 2066 sum
269 2031 450 2075 fertilem,
477 2031 666 2076 gerentia.
703 2031 986 2076 Sphaerosporae
1014 2031 1055 2065 in
1080 2031 1353 2077 speciminibus
1378 2031 1503 2066 minus
1530 2032 1703 2066 dilatatis

160 2088 406 2134 pinnatisque
432 2088 499 2123 sed
526 2087 663 2133 saepius
701 2089 930 2133 compressis
968 2089 1216 2134 proveniunt:
1255 2089 1331 2124 sori
1356 2089 1477 2124 lineas
1505 2090 1701 2135 elongatas

161 2147 200 2181 in
224 2150 386 2191 utroque
411 2146 584 2192 margine
610 2158 711 2180 nunc
736 2146 839 2181 inter
864 2146 1013 2192 pinnas,
1040 2158 1141 2182 nunc
1166 2147 1206 2181 in
1231 2147 1359 2191 pinnis
1386 2146 1565 2182 efficiunt.

251 2203 313 2238 Me
334 2203 474 2248 judice,
500 2203 583 2238 haec
609 2203 755 2248 species
775 2214 796 2237 a
813 2203 855 2238 G.
882 2203 1074 2249 pistillata
1097 2205 1193 2239 bene
1213 2204 1397 2239 distincta
1414 2206 1485 2248 est,
1504 2203 1701 2239 frondibus

160 2260 401 2296 brevioribus
429 2264 468 2295 at
493 2260 705 2305 latioribus,
732 2260 859 2306 pinnis
886 2262 1119 2297 abbreviatis
1146 2261 1374 2297 densissime
1393 2261 1557 2305 seriatis,
1577 2264 1701 2306 cysto-

160 2318 298 2363 carpiis
325 2318 445 2364 magis
472 2318 713 2365 aggregatis3
739 2319 876 2363 quibus
902 2320 1003 2355 notis
1031 2320 1077 2354 ad
1110 2319 1152 2354 G.
1181 2319 1391 2355 Chamissoi
1428 2319 1702 2363 quodammodo

159 2374 497 2420 adpropinquatur,
524 2375 616 2410 licet
641 2386 777 2410 revera
801 2376 847 2410 ad
874 2376 916 2410 G.
944 2376 1171 2421 pistillatam
1209 2375 1391 2410 affinitate
1428 2376 1601 2421 proxima
1638 2376 1700 2411 sit.

161 2432 267 2476 Quod
292 2432 338 2467 de
364 2431 530 2466 transitu
554 2431 657 2466 inter
680 2431 819 2467 formas
845 2432 1016 2467 diversas
1043 2432 1143 2467 dixit
1167 2433 1317 2477 Harvey
1353 2431 1407 2466 ita
1442 2431 1699 2476 interpretan-

159 2489 249 2524 dum
275 2500 358 2524 esse
384 2488 543 2532 credidi,
569 2492 612 2523 ut
637 2490 782 2534 species
809 2490 938 2534 plures
966 2490 1090 2525 sterili
1128 2492 1230 2524 statu
1268 2489 1484 2526 subsimiles
1521 2489 1699 2525 identicae

159 2547 381 2592 adpamant,
408 2557 491 2590 quae
517 2556 608 2580 vero
634 2546 707 2581 alio
733 2549 835 2581 statu
860 2558 996 2581 revera
1021 2546 1183 2581 diversae
1206 2549 1305 2590 sunt,
1325 2546 1485 2592 singulae
1506 2558 1573 2582 suo
1591 2546 1700 2583 modo

159 2602 390 2638 curriculum
415 2601 505 2637 vitae
531 2606 814 2646 percurrentes.

159 2685 226 2727 20.
257 2684 619 2726 G.MARG1N1FERA
663 2683 731 2738 (J.
779 2684 861 2738 Ay.
908 2697 1044 2737 supra
1072 2698 1120 2737 p.
1157 2685 1255 2740 196)
1300 2684 1452 2726 fronde
1497 2698 1700 2728 carnoso-

272 2750 561 2793 crassiuscula
592 2752 879 2805 complanata,
912 2752 1098 2793 maxime
1115 2752 1294 2806 juvenili
1315 2753 1447 2806 plana
1468 2753 1699 2807 segmentis

271 2820 420 2876 paucis
453 2820 794 2874 subdichotoma,
827 2835 926 2864 mox
956 2825 1049 2864 tota
1080 2834 1106 2862 a
1136 2821 1330 2876 margine
1376 2821 1558 2864 distiche
1604 2822 1699 2877 pin-
