1757 3114
108 81 461 135 Hqsmenocladz‘a.
691 79 1075 121 RHODYMENIACEAE.
1560 84 1609 124 31
1617 84 1640 124 5

105 194 391 240 polymorpham
417 204 436 227 e
461 192 567 228 Nova
591 192 774 227 Zelandia
798 194 995 236 memorat,
1021 203 1090 227 ncc
1117 195 1184 228 sub
1210 194 1283 229 alio
1303 195 1453 229 nomine
1473 198 1641 230 nostram

105 253 226 287 latere
251 251 438 296 conjicere
458 251 626 285 audeam.
653 250 916 295 Halymeniam
941 249 1166 284 latissimam
1191 251 1306 286 Harv.
1333 263 1403 286 nec
1428 253 1549 296 quoad
1567 253 1641 288 ico-

104 321 204 354 nem,
230 320 300 343 nec
327 308 447 352 quoad
474 311 720 352 structuram,
747 319 856 351 quam
894 307 1070 350 Grunow‚
1109 309 1322 343 examinato
1361 309 1566 354 specimine
1602 311 1641 344 in

102 367 174 401 Hb.
202 365 624 411 Beroliniensi‚1rideae
652 365 763 409 dixit,
791 364 995 400 convenire
1021 367 1124 408 puto.
1160 365 1237 400 Nec
1262 366 1302 400 in
1321 366 1530 411 Montagne
1548 366 1640 411 Voy.

102 423 181 459 Pol.
210 423 297 458 Sud.
327 423 492 468 speciem
517 423 572 457 ita
609 423 842 468 descriptam
878 422 1003 466 video,
1030 424 1072 455 ut
1098 423 1257 457 eandem
1295 434 1570 468 recognoscere
1596 424 1625 457 li

102 481 238 516 cuerit.
288 480 345 515 Sit
370 483 412 514 ut
437 481 695 525 pulcherrima
726 480 793 514 illa
817 479 1079 523 Rhodymenia
1104 483 1238 514 ornata
1263 483 1405 515 nostrae
1431 480 1559 515 forsan
1586 491 1640 514 es-

103 541 161 573 set
199 538 392 583 specimen
429 537 704 572 ramificatione
743 536 918 572 densiore
956 536 1166 579 insolitum,
1205 540 1243 571 at
1268 538 1414 572 fructus
1442 538 1640 572 immersos

101 595 240 641 pinxit,
268 598 307 629 et
341 597 533 629 structura
558 594 636 629 fere
664 593 953 639 Callophyllidis
980 593 1145 637 videtur,
1173 594 1271 637 quod
1298 605 1343 628 ex
1368 595 1476 629 icone
1502 606 1523 628 a
1547 595 1641 629 Kiit-

100 654 187 699 zing
213 653 302 688 data
327 652 450 686 adhuc
477 652 692 687 evidentius
718 651 773 685 fit.
809 651 895 685 Alia
919 651 1052 695 planta
1080 650 1317 695 Montagnei⁷
1350 651 1497 696 Halym,
1524 652 1640 687 Novae

99 710 292 746 Zelandiae
320 710 381 753 (H.
407 709 644 755 Urvilleana)
671 709 793 753 quoad
823 707 995 743 habitum
1026 708 1185 752 quoque*
1211 708 1438 750 consimilis3
1477 711 1642 743 structu-

97 780 178 802 ram
217 771 343 802 autem
380 767 680 801 diversissimam
716 765 854 811 pinxit.
903 765 1025 811 Magis
1059 777 1150 800 vcro
1188 766 1368 801 convenit
1403 767 1537 811 planta
1573 768 1641 801 sub

98 825 230 860 eodem
255 825 407 859 nomine
433 835 453 858 a
478 824 644 869 Klitzing
682 823 846 869 depicta,
883 835 965 867 quae
992 823 1039 856 H.
1066 823 1330 867 lanceolatam,
1357 825 1505 868 qualem
1537 827 1641 859 statu

99 883 358 919 subdissoluto
384 894 467 917 sese
493 883 619 927 offert,
646 882 783 917 sistere
808 882 886 916 fere
913 884 1099 926 putarem.

102 1001 139 1040 7.
172 999 223 1040 Η.
255 1012 526 1040 POLYMORPHA
558 998 720 1053 (Ham).
768 997 865 1051 Azy.
913 1001 1047 1039 (lustr.
1094 1010 1180 1038 ems.
1226 1011 1293 1039 ηεο
1340 997 1442 1052 383)
1488 996 1640 1038 fronde

211 1066 342 1121 plana
371 1066 527 1108 latiore
569 1066 1117 1121 dichotomo-subpahnata
1154 1069 1231 1106 aut
1262 1079 1287 1106 a
1318 1066 1513 1119 margine
1545 1066 1640 1119 pin-

211 1139 277 1179 nis
308 1137 585 1191 paucioribus
617 1138 892 1191 subpinnata7
925 1137 1068 1191 pinnis
1098 1135 1354 1190 laciniisque
1386 1136 1641 1178 sublancco-

209 1206 311 1248 latis
356 1207 551 1261 margine
595 1207 883 1261 inaequalibus
929 1205 1184 1248 flexuosisve
1230 1210 1273 1247 et
1304 1220 1329 1247 a
1367 1205 1483 1247 disco
1529 1220 1641 1259 saepe

210 1276 406 1328 bullosis‚
439 1277 720 1331 cystocarpiis
766 1277 810 1318 in
855 1278 1015 1331 pagina
1060 1275 1193 1330 plana
1238 1273 1642 1316 mamillaeformiter

211 1345 389 1387 elevatis
421 1346 597 1399 sparsis
631 1345 943 1399 spliaerosporis
976 1358 1053 1398 per
1084 1344 1250 1386 discum
1282 1343 1494 1397 plurimis,
1526 1357 1641 1385 mai·-

210 1413 309 1467 gine
341 1417 527 1466 angusto
558 1414 764 1468 utrinque
797 1414 945 1455 sterili.
995 1413 1131 1456 Rhod.
1168 1412 1455 1467 polymorpho„
1501 1413 1639 1455 Harv.

213 1482 238 1524 l.
270 1496 302 1524 c.
335 1485 374 1524 et
407 1481 536 1536 Phyle.
570 1486 703 1524 austr.
737 1483 819 1525 tab.
854 1484 946 1524 157.

366 1561 487 1604 Nova
518 1562 753 1604 Hollandia
784 1562 1004 1604 australis.

186 1654 278 1689 Haec
303 1654 423 1699 magis
450 1654 666 1700 gelatinosa
692 1656 731 1688 et
756 1654 898 1689 chartae
926 1665 1027 1699 saepe
1054 1657 1159 1688 arcte
1184 1654 1397 1697 adhaerens,
1416 1654 1640 1698 plerumque

97 1712 264 1757 pustulis
291 1724 312 1746 a
337 1712 442 1747 disco
468 1712 602 1746 inflata
628 1715 666 1746 et
692 1713 814 1756 quoad
838 1712 997 1747 formam
1033 1712 1156 1757 magis
1194 1712 1445 1757 polymorpha
1468 1711 1561 1745 mihi
1587 1711 1640 1746 vi-

97 1769 209 1803 detur
234 1780 343 1813 quam
370 1769 416 1802 H.
456 1770 680 1804 lanceolata.
731 1769 966 1805 Sarcotlmlicc
1004 1769 1121 1804 Novoe
1158 1770 1374 1805 Hollamlvssoe
1413 1769 1527 1804 Kutz.
1568 1770 1639 1803 tab.

98 1826 213 1871 Phyc.
247 1825 326 1861 Vol.
355 1826 484 1860 XVII
505 1827 575 1861 tab.
603 1827 659 1860 (55.
709 1827 755 1861 H.
788 1827 1075 1872 poljyinorpham
1113 1827 1209 1861 mire
1247 1827 1367 1861 refert
1403 1827 1555 1867 liabitu3
1594 1837 1640 1860 cx

97 1883 244 1927 analysi
270 1886 395 1917 autem
423 1886 654 1918 structuram
681 1884 834 1918 omnino
850 1880 971 1918 'aliam
1003 1884 1182 1925 haberet;
1217 1896 1263 1918 an
1289 1884 1422 1929 planta
1449 1884 1640 1919 subdisso-

96 1940 178 1974 luta
204 1940 372 1974 dissecta
395 1940 525 1983 fuerit,
553 1944 592 1975 et
618 1941 783 1985 analysis
802 1941 874 1976 hoc
891 1942 1002 1977 modo
1022 1942 1243 1986 decipiens?
1271 1942 1435 1976 Fructus
1455 1941 1639 1976 delineati

102 2008 184 2031 cum
211 1997 317 2031 nulla
342 1997 521 2032 Floridea
545 1997 638 2032 mihi
665 1999 819 2043 cognita
844 2000 941 2034 bene
967 1999 1213 2034 conveniunt.

102 2101 140 2141 8.
172 2100 225 2142 Η.
257 2114 488 2142 consPERSA
533 2101 695 2156 (Ham).
740 2103 787 2144 in
836 2103 992 2146 Trans.
1027 2104 1090 2146 Ir.
1123 2103 1261 2146 Aead.
1306 2103 1350 2146 V.
1384 2105 1435 2145 22
1457 2118 1505 2156 1).
1538 2105 1640 2159 550)

209 2167 362 2211 fronde
392 2169 525 2223 plana
555 2171 702 2212 latiori
730 2171 1276 2225 dichotomo-subpalmata
1298 2175 1374 2212 aut
1396 2185 1421 2212 a
1442 2172 1639 2225 margine

209 2237 352 2290 pinnis
383 2239 661 2291 paucioribus
692 2240 906 2292 pinnatim
939 2240 1093 2290 obsita,
1116 2241 1257 2293 pinnis
1281 2240 1448 2282 ambitu
1469 2240 1638 2281 lanceo-

209 2306 309 2347 latis
341 2319 367 2347 a
397 2306 515 2348 disco
547 2311 589 2348 et
620 2308 814 2361 margine
846 2308 1083 2362 papillosis,
1131 2308 1306 2362 papillis
1347 2307 1638 2361 rigidiusculis

211 2373 477 2427 simplicibus
508 2378 584 2416 aut
614 2375 806 2428 furcatis,
839 2377 1119 2431 cystocarpiis
1148 2378 1191 2417 in
1213 2377 1373 2429 pagina
1394 2377 1526 2430 plana
1546 2390 1637 2416 ma-

210 2440 541 2484 millaeformiter
573 2443 748 2485 elevatis
780 2446 941 2498 paucis„
982 2445 1294 2498 sphaerosporis
1334 2444 1423 2485 fere
1464 2458 1540 2497 per
1571 2449 1637 2485 to-

211 2513 302 2550 tam
348 2511 620 2563 superficiem
652 2515 827 2566 sparsis.
870 2513 1204 2566 Calliblcpharr's
1236 2526 1467 2565 conspersa
1498 2511 1636 2553 Harv.

212 2578 236 2619 l.
269 2592 300 2619 c.
333 2582 371 2619 et
419 2578 589 2632 Plefyeol.
636 2585 771 2623 afzcvstr.
817 2583 898 2624 tab.
946 2582 1039 2622 2:37.
1089 2582 1218 2622 Keitez
1253 2581 1334 2622 tab.
1371 2580 1504 2633 Phyc.
1549 2579 1636 2621 Vol.

219 2646 348 2688 XIX
376 2647 457 2688 tab.
491 2647 554 2688 39.

363 2725 468 2766 Nov.
501 2726 736 2770 Hollandia
767 2728 972 2770 australis
1005 2733 1047 2769 et
1079 2727 1369 2768 occidentalis.

190 2818 388 2854 Structura
414 2821 453 2854 et
477 2819 622 2855 fructus
649 2823 810 2865 uterque
837 2822 925 2855 sunt
950 2818 1270 2865 Hymcnocladiae.
