1762 3036
54 118 348 175 Pachymenia.
425 142 426 148 =
617 117 1013 162 CRYPTONEMIACEAE.
1503 125 1581 167 145

49 239 168 276 tuere
198 236 312 287 puto.
372 232 466 273 Fila
507 247 658 287 nempe
688 233 942 275 fasciculata
974 236 1130 277 sensim
1159 237 1422 291 prolongari,
1455 239 1583 292 plura

47 303 268 356 provenire
313 305 356 342 et
391 302 606 344 exteriora
645 303 990 344 anastomosibus
1022 304 1065 345 in
1096 309 1187 347 rete
1218 306 1432 361 conjungi,
1465 309 1580 360 quod

47 372 214 413 demum
229 370 360 411 telam
378 371 695 412 conductricem
716 373 992 425 carpostomii
1015 376 1250 425 constituit,
1274 376 1580 418 assumendum

45 439 200 493 putavi.
261 438 436 491 Origine
482 439 648 482 fructus
693 441 772 481 hoc
804 440 929 482 modo
965 441 1263 496 interpretata,
1303 459 1437 498 genus
1476 446 1581 487 mihi

45 508 179 562 magis
210 506 502 560 Grateloupiae
534 513 576 550 et
607 507 806 550 affinibus
838 511 1069 563 generibus
1100 511 1225 553 affine
1255 527 1385 567 quam
1408 513 1579 568 Schizy-

43 576 189 617 meniae
220 576 464 629 proximum
495 577 709 630 adparuit.

44 717 77 756 1.
108 714 153 756 Ρ.
186 728 370 757 CARNosA
415 715 482 770 (J.
530 716 610 770 Ay.
652 716 745 759 Aet.
787 717 929 760 Holm.
979 718 1104 771 1847)
1144 719 1367 764 frondibus
1405 737 1431 764 a
1465 723 1576 765 callo

149 784 331 825 radicali
377 799 521 827 crasso
567 787 985 829 subconico-elevato
1031 788 1229 841 plurimis
1269 793 1575 845 erectiusculis,

151 852 331 906 singulis
362 867 388 895 a
419 854 563 907 stipite
594 855 795 909 elongato
826 855 956 909 plano
978 856 1022 897 in
1043 856 1239 899 frondem
1261 861 1574 904 crassissimam

151 922 653 964 coriaceo-subcorneam
687 925 902 966 cuneatim
937 925 1166 968 dilatatam
1199 942 1303 981 vage
1336 930 1480 971 fissam
1503 945 1575 973 ex-

149 991 310 1043 pansis,
343 991 508 1050 laciniis
540 991 830 1034 conformibus
862 994 1030 1035 ambitu
1052 996 1119 1037 vix
1143 996 1343 1039 definitis.
1387 998 1573 1052 Platym.

148 1073 332 1101 carnosa
378 1060 423 1102 J.
470 1059 550 1114 Ass.
598 1062 622 1102 l.
669 1076 700 1103 c.
739 1063 820 1104 tab.
854 1064 891 1104 5.
942 1063 1031 1106 Βοὴ.
1064 1079 1259 1107 carnosa.
1307 1066 1352 1108 J.
1384 1067 1465 1121 Ay.
1501 1069 1574 1121 Sp.

139 1141 187 1179 p.
239 1129 328 1169 173.
376 1129 542 1171 Iridoea
589 1144 774 1172 carnosa
818 1132 946 1173 Kritz.
987 1132 1068 1174 tab.
1113 1133 1240 1187 Phye.
1285 1134 1371 1176 Vol.
1408 1135 1573 1179 XVII.

148 1196 230 1238 tab.
266 1199 328 1238 17.

300 1277 405 1319 Hab.
437 1278 492 1320 ad
525 1277 627 1333 Cap.
659 1279 697 1321 b.
730 1279 840 1334 Spei.

33 1407 69 1447 2.
103 1406 147 1448 Ρ.
184 1421 403 1450 LACINIATA
433 1409 500 1463 (J.
534 1409 616 1462 Aa.
648 1415 789 1463 mser.)
820 1410 972 1453 fronde
1005 1413 1446 1467 coccineo-purpurea
1477 1429 1570 1456 car-

144 1491 250 1519 nosa
290 1491 436 1519 crassa
475 1478 625 1530 sessili‚
665 1493 690 1520 a
721 1480 812 1521 basi
844 1485 1028 1522 cuneata
1060 1496 1232 1524 sursum
1263 1497 1467 1536 expansa,
1502 1499 1573 1525 su-

143 1559 275 1599 perne
322 1547 365 1588 in
403 1546 583 1589 lacinias
616 1548 783 1589 ambitu
815 1549 1096 1592 subdefinitas
1129 1551 1221 1592 basi
1256 1552 1428 1594 demum
1461 1557 1571 1594 atte-

144 1620 311 1665 Duatas,
353 1616 559 1657 obovatas
608 1617 881 1670 oblongasve,
933 1619 1112 1661 invicem
1160 1620 1314 1662 eximie
1361 1626 1571 1674 patentes,

141 1684 353 1738 profunde
383 1685 532 1728 divisa.

292 1766 403 1809 Hab.
436 1767 491 1808 ad
524 1767 688 1809 Novam
719 1768 984 1810 Zelandiam.
1017 1770 1315 1824 (Berggrenl).

117 1846 255 1881 Planta
293 1850 454 1882 cuneata
486 1848 568 1883 basi
596 1848 741 1883 sessilis
770 1852 807 1883 et
834 1850 988 1893 sensim,
1015 1849 1055 1883 ni
1080 1851 1206 1895 fallor,
1234 1850 1323 1886 fissa
1350 1852 1389 1885 in
1415 1852 1569 1887 frondes

29 1903 254 1948 conformes,
282 1904 477 1949 superiore
506 1908 615 1950 parte
641 1906 803 1940 dilatata
827 1906 865 1940 in
892 1907 1050 1942 lacinias
1070 1908 1207 1942 eximie
1226 1912 1403 1953 patentes
1424 1913 1463 1944 et
1482 1912 1567 1945 sub-

26 1952 272 2006 divergentes
300 1963 475 1997 abeunte.
525 1962 691 1998 Lacinia}
718 1975 813 2009 vage
840 1968 1038 2009 exeuntes,
1065 1968 1103 1999 at
1129 1966 1273 2000 ambitu
1306 1967 1562 2011 subdefinitae,

25 2018 195 2062 juniores
233 2030 255 2053 a
290 2019 428 2054 latiore
464 2020 546 2055 basi
583 2024 813 2065 angustatae,
846 2021 1054 2056 adultiores
1082 2022 1163 2057 basi
1191 2023 1329 2057 eximie
1355 2027 1563 2059 attenuatae

7 2076 106 2110 'late
144 2077 330 2120 obovatae,
356 2080 421 2111 aut
447 2077 553 2122 apice
580 2089 727 2122 quoquc.
753 2079 939 2123 producto
966 2079 1155 2124 oblongae.
1206 2080 1388 2115 Crassitie
1418 2080 1567 2125 Schizy-

28 2133 172 2168 menias
201 2137 368 2179 superat,
394 2135 657 2180 Pachymeniis
686 2135 770 2170 aliis
796 2137 907 2182 paulo
935 2137 1097 2171 tenuior.
1149 2137 1393 2183 Cystocarpia
1419 2141 1566 2173 tantum

22 2190 219 2234 juvenilia,
248 2191 340 2235 vidi,
379 2192 505 2235 qualia
536 2204 650 2238 supra
681 2192 882 2238 descripsi,
914 2205 982 2238 per
1013 2193 1185 2228 frondem
1218 2194 1459 2235 densissima,
1492 2208 1565 2229 non

27 2249 101 2283 nisi
128 2249 295 2284 dissecta
320 2249 453 2285 fronde
481 2253 519 2285 et
557 2252 625 2285 sub
657 2251 906 2297 microscopio
938 2251 1153 2296 conspicua.
1205 2251 1485 2296 Sphaerosporae
1527 2254 1565 2286 in

28 2309 149 2342 strato
187 2308 359 2343 corticali
394 2308 554 2353 frondis,
586 2310 698 2354 paulo
734 2310 855 2355 magis
888 2321 999 2353 quam
1024 2309 1063 2343 in
1091 2310 1215 2343 sterili
1242 2311 1374 2355 planta
1400 2311 1565 2352 evoluto,

27 2375 253 2409 numerosae,
281 2365 480 2400 admodum
507 2367 709 2411 elongatae,
737 2367 911 2412 oblongae
940 2366 1136 2400 cruciatim
1165 2366 1313 2400 divisae.

27 2482 63 2524 3.
95 2483 140 2524 P.
173 2497 345 2524 LusomA
383 2483 527 2536 (Grev.
567 2485 612 2526 iu
652 2483 787 2526 Hools.
821 2483 965 2537 Oomp.
999 2484 1100 2525 Bot.
1134 2483 1255 2535 May.
1289 2483 1357 2524 II.
1382 2497 1429 2534 p.
1463 2484 1564 2538 329)

138 2553 365 2594 frondibus
398 2567 423 2593 a
454 2553 563 2595 callo
596 2553 776 2595 radicali
798 2567 986 2607 expanso
1008 2552 1206 2606 plurimis
1229 2552 1455 2605 gregariis,
1479 2552 1563 2593 sin-

138 2622 251 2674 gulis
283 2635 309 2662 a
339 2621 482 2675 stipite
521 2620 798 2663 teretiusculo
844 2621 1036 2673 longiore
1074 2621 1116 2661 in
1149 2619 1345 2660 frondem
1385 2621 1563 2661 crassis-

138 2691 290 2732 simam
328 2680 828 2733 coriaceo-subcorneam
870 2690 1083 2732 cuneatim
1120 2688 1348 2729 dilatatam
1391 2689 1563 2742 planam

139 2760 464 2801 subdichotome
501 2760 681 2802 divisam
719 2761 931 2814 expansis,
953 2759 1202 2812 ‘segmentis
1240 2758 1561 2811 integriusculis

135 2832 209 2870 aut
249 2842 352 2881 vage
372 2828 567 2880 -parcius
604 2828 834 2878 laciniatis,
871 2827 1063 2879 margine
1111 2826 1454 2877 silbins-lassatis,
1493 2828 1561 2880 ju-

1383 2894 1427 2928 10
