1757 3114
107 107 187 147 690

220 218 540 272 placentaribus
584 215 843 258 reticulatim
881 214 1167 256 ambientibus
1205 214 1385 255 invicem
1422 213 1635 267 disjuncti,

223 286 380 339 singuli
411 285 633 326 rotundati
664 283 895 337 gemmidia
932 282 1136 335 pauciora
1172 281 1638 334 rotundato-angulata

223 355 311 395 sine
344 353 492 394 ordine
532 352 759 404 conspicuo
805 350 1061 403 conglobata
1106 349 1384 390 continentes.
1446 349 1639 402 sphaero-

222 435 408 474 rosporce
439 420 632 461 corticali
663 424 799 460 strato
837 432 989 471 parum
1022 420 1185 458 mutato
1217 417 1442 467 immersae,
1479 430 1639 470 sparsae

224 489 448 531 cruciatim
481 488 638 528 (livisae.

227 593 370 633 Genus
403 590 703 644 Callophyllidi
736 590 883 631 forsan
923 590 1101 630 nimium
1139 590 1442 643 propinquum,
1480 590 1549 631 vix
1579 589 1643 631 ‹li-

116 666 203 702 stat
234 661 313 702 nisi
346 660 506 713 majore
539 659 779 700 evolutione
819 659 946 699 strati
983 657 1161 699 cellulas
1199 658 1424 700 interiores
1464 658 1644 699 circum-

116 730 354 777 ambientis,
387 728 685 780 fructibusque
717 728 869 768 saltem
901 727 942 766 in
966 740 1051 767 una
1078 727 1229 779 specie,
1253 740 1382 780 quam
1405 726 1510 767 bene
1532 726 1646 767 sruc-

117 798 289 840 tiferam
312 796 409 844 vidi,
433 809 566 848 supra
586 795 788 848 paginam
817 794 1004 840 elevatis,
1028 795 1268 847 pericarpio
1289 795 1460 835 omnino
1482 808 1648 835 emerso

118 871 161 906 et
191 865 476 919 carpostomio
517 864 682 904 munito
720 862 954 904 instructis.
1015 862 1108 912 Qua
1144 863 1317 916 quidem
1354 862 1518 904 fructus
1550 877 1648 904 con-

118 934 372 976 formatione
419 932 670 974 evolutionis
717 932 982 984 superiorem
1028 931 1209 984 gradum
1256 930 1413 985 prodit,
1460 932 1574 985 quod
1607 933 1649 973 in

121 1003 360 1044 Generibus
391 1001 627 1042 limitandis
658 1000 867 1053 principio
900 1000 962 1040 uti
985 1000 1292 1041 consuevimus.
1333 1000 1382 1041 In
1405 998 1650 1054 Callophyl-

120 1071 217 1111 lidis
263 1070 483 1123 speciebus
531 1068 670 1110 nuclei
707 1069 818 1108 inter
865 1072 1092 1121 utramque
1138 1068 1340 1121 paginam
1371 1069 1542 1110 omnino
1573 1069 1652 1109 im-

121 1140 260 1187 mersi,
284 1143 359 1179 aut
380 1138 591 1179 fructibus
614 1137 1001 1178 maturescentibus
1023 1138 1226 1190 utrinque
1246 1138 1334 1178 fere
1356 1151 1476 1191 aeque
1494 1137 1652 1190 promi-

124 1207 228 1253 nuli;
262 1206 633 1247 nucleos‘clausos
666 1205 886 1258 hucusque
919 1218 1086 1258 semper
1114 1205 1323 1246 viderunt.
1366 1204 1534 1245 Adsunt
1555 1219 1654 1246 vero

124 1275 178 1316 ad
218 1275 381 1316 Novam
428 1273 677 1314 Zelansliam
710 1274 870 1326 species
908 1272 1136 1324 nonnullae,
1177 1273 1228 1314 (le
1267 1273 1423 1326 quibus
1468 1273 1655 1314 incertus

125 1358 219 1385 sum
254 1357 365 1384 anne
397 1342 537 1383 nuclei
569 1343 758 1383 immersi
790 1341 1077 1395 carpostomio
1110 1341 1207 1382 hinc
1238 1341 1480 1394 prominulo
1512 1341 1656 1394 expel-

124 1412 282 1453 lantur.
343 1411 463 1461 Quod
497 1411 667 1464 quidem
700 1411 734 1451 si
766 1411 847 1451 rite
880 1410 1206 1459 observaverim,
1239 1410 1554 1451 distinctionem
1586 1423 1656 1462 ge-

127 1481 314 1521 nericam
361 1479 616 1532 Ectophorae
663 1479 802 1518 minus
840 1478 1023 1519 validam
1062 1478 1230 1518 facilius
1262 1478 1356 1532 quis
1388 1482 1573 1531 putaret.
1605 1503 1655 1507 —

127 1548 379 1589 Evolutione
427 1547 551 1588 strati
596 1546 929 1587 intercellularis
976 1546 1111 1587 multo
1157 1547 1294 1600 magis
1325 1550 1502 1599 peracta
1531 1546 1658 1587 Ecto-

128 1617 265 1670 phora
302 1617 414 1657 inter
451 1615 762 1657 Microcoeliam
801 1621 843 1656 et
874 1614 1232 1669 Callophyllidem
1271 1616 1526 1657 intermedia
1563 1630 1658 1657 cen-

129 1689 285 1726 seatur.

136 1791 167 1829 l.
201 1788 298 1829 Ec'r.
331 1802 531 1829 DEPRFJSSA
562 1786 629 1840 (J.
663 1787 742 1840 Ay.
776 1789 924 1840 mser.)
970 1787 1133 1828 frondis
1178 1788 1372 1840 peltatim
1418 1786 1553 1829 affixae
1591 1787 1663 1828 de-

244 1856 481 1896 cumbentis
527 1855 1078 1907 centrifugae-increscentis
1125 1861 1248 1908 parte
1294 1855 1473 1896 centrali
1511 1855 1664 1896 latiore

245 1923 555 1976 integi-iuscula
587 1928 662 1963 aut
683 1937 787 1976 vage
810 1923 1025 1969 laciniata,
1049 1923 1260 1965 exteriore
1282 1924 1325 1964 in
1347 1923 1524 1964 lacinias
1547 1922 1663 1964 elon-

248 1996 369 2044 gatas
401 1997 588 2040 extensa,
621 1991 786 2031 laciniis
818 1992 1094 2033 interioribus
1126 1992 1352 2033 latioribus
1384 1991 1470 2032 late
1491 1991 1666 2033 lineari-

249 2061 328 2101 bus
360 2060 650 2113 cuneatisque,
697 2061 983 2102 exterioribus
1030 2061 1264 2102 linearibus
1311 2074 1422 2114 saepe
1469 2061 1668 2102 deorsum

249 2130 497 2176 recurvatis,
530 2129 797 2182 marginibus
830 2130 1019 2170 omnium
1050 2130 1335 2183 inaequalibus
1366 2129 1554 2171 dentatis
1586 2130 1668 2170 cri-

251 2199 384 2252 spatis
417 2202 493 2237 aut
523 2197 565 2237 in
598 2197 746 2250 phylla
777 2212 886 2238 nova
916 2197 1269 2250 prolificantibus,
1293 2198 1572 2252 cystocarpiis
1594 2211 1669 2250 pa-

253 2267 395 2319 ginam
429 2265 695 2319 superiorem
726 2266 1036 2319 occupantibus
1075 2279 1150 2319 per
1186 2266 1350 2307 discum
1382 2266 1542 2319 sparsis
1573 2280 1670 2319 per-

254 2334 418 2388 magnis
449 2334 630 2387 rugosis.

405 2402 514 2445 Hab.
546 2403 599 2444 ad
633 2417 729 2444 oras
760 2402 887 2444 Novae
920 2403 1151 2445 Zelandiae:
1184 2404 1414 2458 Berggren.

232 2482 351 2516 Frons
378 2480 662 2526 2-3pollica1·is
690 2481 932 2525 expansione,
958 2484 1066 2525 parte
1092 2483 1253 2517 centrali
1280 2494 1380 2527 saepe
1404 2483 1568 2518 indivisa
1592 2483 1670 2529 pol-

143 2541 253 2574 licem
280 2543 319 2573 et
344 2539 441 2583 quod
475 2542 629 2582 superat
666 2542 835 2582 extensa,
872 2538 1019 2573 laciniis
1059 2539 1330 2584 semipollicem
1356 2544 1422 2575 aut
1445 2540 1543 2574 infra
1568 2541 1671 2574 sinus

145 2608 261 2640 nsque
288 2595 465 2640 pollicem
489 2596 591 2639 latis,
619 2595 871 2630 exterioribus
905 2607 1005 2640 saepe
1033 2597 1152 2631 multo
1178 2597 1461 2642 angustioribus
1488 2601 1526 2632 at
1551 2597 1672 2643 longi-

145 2654 285 2695 oribus,
312 2663 411 2686 nunc
437 2652 881 2696 sesqui—bipollicaribus,
903 2665 969 2687 suo
987 2652 1118 2687 ordine
1144 2665 1238 2699 vage
1265 2657 1304 2687 et
1328 2665 1438 2699 parce
1458 2654 1590 2688 divisis
1610 2657 1673 2687 aut

147 2709 467 2754 simpliciusculis.
518 2709 663 2743 Recens
691 2712 749 2742 est
775 2709 1025 2743 crassiuscula
1051 2721 1220 2754 carnosa,
1246 2710 1371 2755 rigida
1389 2714 1426 2744 at
1446 2711 1673 2754 sublubrica,

148 2779 307 2800 recurva
333 2771 370 2800 et
396 2766 532 2811 crispa,
559 2771 671 2810 atque
698 2778 797 2811 saepe
824 2767 878 2801 ita
901 2767 1062 2812 fragilis,
1089 2772 1131 2802 ut
1157 2780 1269 2812 supra
1287 2769 1456 2802 chartam
1474 2779 1585 2802 manu
1612 2769 1673 2802 ad-

150 2836 279 2869 pressa
304 2824 451 2857 facilius
478 2828 685 2869 rumpatur.
720 2824 872 2869 Paginae
899 2825 1097 2858 evidenter
1123 2825 1302 2869 diversae3
1329 2825 1485 2860 inferior
1510 2825 1571 2858 hie
1597 2825 1675 2859 illic
