1762 3036
97 132 175 172 188
697 131 977 173 GJGAR'HNEAE.
1278 132 1626 185 Rhodogylossmn.

95 246 268 278 auctores
295 244 554 278 venditantur.
605 244 789 288 Analyses
816 256 837 278 a
861 244 1012 287 Harvey
1039 247 1078 278 et
1102 244 1309 290 Kiitzingio
1335 246 1433 280 datae
1462 248 1626 280 structu-

94 310 173 333 ram
199 300 346 334 Iridaeae
373 300 436 334 vix
461 300 650 343 indicant,
685 301 847 335 Grunow
884 300 1058 335 Iridaeam
1096 301 1301 346 specimine
1338 302 1516 347 originali
1542 313 1627 336 exa-

94 356 237 391 minato
265 357 474 392 contendit.
525 357 751 402 Specimina,
778 369 860 401 quae
879 357 925 391 ad
944 361 1114 392 nostram
1133 358 1269 402 refero,
1288 371 1307 393 e
1326 370 1421 394 nova
1447 358 1629 393 Zelandia

94 413 321 458 paucissima
346 414 438 457 vidi,
465 415 553 448 dum
578 415 710 459 planta
735 426 781 449 ex
805 418 934 449 mente
961 415 1130 459 Harveyi
1158 415 1198 449 in
1223 416 1282 450 his
1308 416 1530 462 regionibus
1557 415 1630 449 fre-

96 482 213 514 quens
241 471 453 506 obveniret.
504 472 644 507 Nostra
670 476 759 507 sunt
784 473 859 506 alia
883 472 1110 506 tenuissima
1136 473 1486 518 sphaerosporifera,
1507 474 1628 517 quoad

97 532 325 562 structuram
353 532 391 562 et
416 529 582 563 fructum
607 541 690 564 cum
715 530 761 564 iis
790 542 871 574 quae
899 530 1016 564 habet
1043 530 1205 565 Grunow
1230 532 1326 565 bene
1359 530 1629 576 congruentia3

96 585 170 618 alia
194 584 253 618 his
281 585 480 629 crassiora,
506 586 626 620 forma
651 590 689 621 et
713 587 792 621 fere
820 586 993 621 crassitie
1021 587 1204 621 tenuioris
1232 587 1441 633 Gigartinae
1468 587 1630 621 circum-

96 641 246 684 cinctae,
274 646 312 676 at
338 644 575 688 cystocarpia
611 648 753 690 gerunt
789 644 914 678 frondi
950 644 1141 687 immersa,
1168 647 1210 678 ut
1235 645 1280 678 de
1310 656 1376 678 sua
1401 644 1526 689 specie
1552 655 1628 677 me-

94 699 258 733 moravit
282 700 451 744 Harveyz
477 700 516 734 in
542 701 600 735 his
626 701 702 736 ima
726 701 807 736 basi
833 713 853 734 a
878 701 1050 746 margine
1077 700 1307 746 proveniunt
1324 701 1452 747 ligulae
1472 700 1628 735 minutae

95 755 134 789 in
161 757 316 791 lacinias
344 761 385 792 ut
411 757 563 792 videtur
591 759 871 802 excrescendae,
897 762 939 793 ut
963 758 1041 792 fere.
1067 758 1107 791 in
1133 758 1342 803 specimine
1366 758 1517 803 depicto
1535 758 1628 791 Har-

97 826 241 858 veyano
268 826 414 860 quoque
441 816 624 851 cernitur.
676 816 877 851 Structura
901 816 1011 860 hujus
1040 827 1123 849 cum
1160 815 1424 861 Rhodoglosso
1462 818 1525 849 aut
1561 814 1630 848 Iri-

99 871 179 905 daea
204 883 350 915 quoque
377 873 567 908 convenit.

100 977 136 1016 5.
168 976 247 1017 RH.
280 990 522 1018 l’URPUREUM
553 977 616 1029 (J.
655 976 737 1030 Agl.
769 978 913 1032 mser.)
952 976 1178 1018 frondibus
1216 975 1630 1017 carnoso-crassius-

212 1044 318 1086 culis
350 1059 482 1098 supra
513 1045 703 1099 stipitem
735 1045 980 1099 elongatam
1011 1044 1418 1086 lineari-cuneatum
1456 1046 1630 1085 tenuem

212 1113 497 1166 complanatis
542 1113 1055 1163 lanceclato-linearibus,
1102 1127 1128 1153 a
1172 1112 1366 1164 margine
1412 1116 1633 1165 segmenta

211 1183 415 1237 pauciora
448 1183 683 1225 conformia
723 1182 817 1224 basi
854 1182 1005 1223 eximie
1052 1185 1278 1223 attenuata
1323 1181 1630 1231 emittentibus,

214 1253 491 1306 cystocarpiis
523 1253 697 1293 demum
729 1252 931 1305 utrinque
971 1250 1226 1304 prominulis
1263 1250 1429 1303 magnis
1461 1263 1537 1303 per
1567 1253 1631 1290 to-

212 1326 301 1362 tam
333 1320 422 1362 fere
456 1321 724 1375 superficiem
756 1321 930 1374 sparsis.

366 1390 471 1431 Hab.
503 1390 557 1430 ad
590 1404 687 1431 oras
719 1389 960 1430 Tasmaniae
993 1389 1124 1444 (Dnia
1155 1387 1425 1443 Meredithl).

193 1469 355 1503 Circiter
391 1469 607 1514 sspollicaris
647 1468 903 1514 longitudine,
943 1469 1049 1512 ¹l2-—1
1087 1467 1265 1513 pollicem
1301 1468 1391 1511 lata,
1424 1466 1505 1500 sine
1531 1465 1633 1500 omni

101 1526 224 1562 nitore
252 1526 388 1560 eximie
425 1538 616 1571 purpurea
653 1527 871 1570 chartaeque
910 1526 1122 1559 adhaerens.
1172 1525 1279 1559 Folia
1303 1524 1386 1559 basi
1411 1523 1634 1566 longissime

101 1587 298 1618 attenuata
322 1584 360 1617 in
387 1584 557 1629 stipitem
584 1588 738 1618 tenuem
764 1584 1057 1628 complanatum,
1085 1583 1173 1616 dein
1198 1583 1310 1627 longe
1334 1581 1634 1616 sublanceolato-

100 1641 273 1685 linearia,
300 1642 599 1686 simpliciuscula
624 1645 688 1674 aut
719 1640 1061 1685 prolificationibus
1100 1640 1228 1685 paucis
1267 1638 1541 1684 marginalibus
1578 1636 1633 1671 in-

102 1702 260 1733 structa.
310 1699 418 1733 Folia
443 1698 698 1743 prolificantia
724 1697 863 1743 angulo
888 1697 967 1731 sere
993 1700 1099 1731 recto
1131 1696 1323 1739 exeuntia,
1353 1708 1441 1731 mox
1467 1695 1634 1739 aliquan-

102 1756 222 1790 tulum
247 1756 446 1790 incurvata
471 1758 508 1789 et
539 1755 665 1800 potius
703 1754 874 1799 patentia
912 1754 1086 1789 dicenda.
1135 1753 1287 1788 Fronde
1312 1753 1351 1787 in
1377 1753 1502 1787 media
1526 1756 1634 1797 parte

102 1813 222 1858 magis
249 1813 503 1848 exsiccatione
530 1815 739 1855 contracta,
766 1813 958 1858 margines
985 1812 1192 1855 inaequales
1231 1811 1369 1846 leviter
1407 1810 1546 1845 elevati
1571 1810 1635 1844 ad-

102 1874 274 1915 pareant.
326 1871 570 1915 Cystocarpia
596 1871 635 1915 ²s³
662 1870 773 1904 lineae
802 1870 987 1904 diametro
1013 1869 1091 1902 fere
1111 1868 1314 1913 aequantia,
1334 1871 1443 1902 extra
1461 1867 1634 1902 frondem

102 1926 280 1970 utrinque
306 1927 521 1972 prominula
546 1927 686 1967 ovalia;
712 1927 869 1960 nucleus
896 1926 1125 1970 compositus
1151 1925 1298 1959 demum
1326 1924 1364 1958 in
1391 1935 1557 1958 cameras
1577 1926 1636 1957 sat

102 1983 304 2017 distinctas
332 1983 405 2017 filis
432 1983 715 2028 placentaribus
743 1983 997 2017 ambientibus
1027 1982 1296 2025 subdividitur,
1324 1981 1426 2015 intra
1451 1993 1541 2024 quas
1568 1993 1635 2014 nu-

103 2039 213 2074 cleoli
240 2040 443 2084 conspicue
468 2040 634 2074 minores
661 2040 706 2073 ad
732 2040 899 2084 parietes
928 2050 1085 2073 camerae
1113 2038 1220 2082 quasi
1257 2038 1445 2083 pedicello
1481 2038 1635 2083 proprio

109 2097 238 2131 adnati
282 2101 512 2139 cernuntur3
551 2108 664 2141 supra
700 2096 864 2130 medium
901 2095 1026 2129 nuclei
1064 2095 1173 2129 unius
1210 2095 1359 2140 paginae
1398 2095 1479 2139 (aut
1513 2095 1639 2129 forsan

104 2154 345 2199 iitriUSslue?)
384 2155 587 2199 adparatus
631 2153 874 2198 carpostomii
925 2154 1058 2187 adesse
1095 2153 1264 2193 videtur3
1304 2153 1438 2186 saltem
1476 2155 1637 2186 stratum

104 2212 383 2256 periphericum
409 2212 535 2245 nuclei
560 2211 630 2245 hoc
658 2211 739 2245 loco
765 2210 829 2244 fila
854 2213 1069 2244 extrorsum
1106 2209 1226 2254 magis
1264 2221 1376 2243 versa
1412 2212 1451 2243 et
1486 2208 1638 2253 prolon-

104 2275 205 2313 gata,
232 2268 338 2312 quasi
365 2271 541 2302 centrum
568 2278 701 2302 versus
730 2266 969 2312 superficiale
996 2265 1271 2311 convergentia
1295 2265 1386 2300 vidi.

636 2405 802 2459 Species
832 2405 1100 2458 inquirenda.

106 2514 396 2556 SARoorHALIA
426 2526 544 2553 NOVAE
575 2511 826 2553 HOLLANDIAE
868 2510 998 2551 Katae.
1042 2510 1123 2551 tab.
1161 2509 1287 2563 Plzgyc.
1347 2507 1434 2550 Vol.
1485 2506 1642 2549 XVII

219 2582 300 2623 tal».
331 2583 397 2631 65,
436 2584 500 2622 est
544 2580 694 2633 planta
738 2579 843 2620 mihi
887 2579 1058 2620 omnino
1105 2579 1247 2620 dubia.
1308 2577 1373 2619 Ex
1411 2576 1564 2618 habitu
1594 2576 1637 2617 in

219 2651 338 2691 icone
370 2650 473 2691 data
504 2654 546 2690 et
578 2649 863 2702 descriptione
909 2651 1160 2700 comparata
1204 2647 1272 2688 vix
1311 2646 1392 2687 nisi
1423 2646 1637 2699 Hymeno-

220 2718 368 2759 cladiac
402 2717 695 2771 polymorphae
740 2716 1031 2770 fragmentum
1078 2715 1295 2765 crederes3
1336 2713 1501 2768 analysi
1538 2727 1637 2754 vcro

221 2790 473 2839 comparata
518 2785 860 2839 Rhodoglossum
906 2783 1123 2837 quoddam
1168 2784 1212 2824 in
1244 2783 1324 2823 hac
1356 2782 1505 2835 planta
1537 2795 1636 2822 con.-

216 2855 346 2910 jicere
392 2854 552 2906 liceret,
599 2854 745 2896 forsan
790 2852 870 2894 Rh.
915 2851 1124 2893 latissimo
1171 2852 1425 2906 proximum.
1480 2850 1637 2892 Obser-
