1757 3114
104 147 182 188 602
761 145 1001 188 Somssnmffl.
1372 146 1628 190 Eneheuma.

103 270 150 293 ex
175 269 218 293 eo
244 259 343 304 quod
370 259 575 305 specimina
600 259 747 294 sterilia
774 262 863 294 sunt
888 270 908 293 a
931 270 990 293 me
1027 258 1236 304 descripta3
1273 259 1469 294 fructifera
1504 270 1629 294 coram

102 316 236 351 habuit
260 318 494 364 Aresohoug.
545 317 707 362 Cognita
743 316 971 360 differentia,
1009 327 1090 359 quae
1127 316 1167 350 in
1192 316 1276 350 aliis
1304 314 1508 361 speciebus‘
1528 315 1629 350 inter

101 374 239 408 formas
267 375 418 410 steriles
451 378 489 409 et
520 374 734 409 fructiferas
771 374 932 417 obtinet,
971 373 1016 407 de
1052 372 1257 407 identitate
1294 373 1504 417 specierum
1537 383 1628 416 quas

103 443 215 476 supra
239 432 430 477 conjunxi,
458 431 521 466 vix
546 432 637 466 licet
663 431 849 467 dubitare.
884 431 990 475 Ipsos
1016 430 1160 464 fructus
1181 442 1255 464 non
1274 429 1369 464 vidit
1388 430 1627 475 Aresohoug;

102 488 337 533 cystocarpia
363 490 459 524 bene
487 488 641 524 evoluta
666 488 825 523 Generis
852 488 890 521 in
916 490 1048 522 nostra
1073 487 1284 522 observavi.

102 594 138 633 7.
171 592 302 633 EUCH.
334 591 545 634 GELIDIUM
576 591 641 646 (J.
675 592 755 646 Ay.
799 590 936 645 Symb.
970 591 1008 632 Ι.
1032 604 1077 643 1).
1113 591 1184 645 17)
1227 589 1378 631 fronde
1423 589 1628 644 ancipite-

212 673 457 713 compressa
487 673 513 701 a
543 661 735 713 margine
767 659 976 713 pinnatim
1008 659 1310 712 decomposita,
1333 659 1475 711 pinnis
1507 657 1629 699 disti-

214 730 303 770 chis
336 729 596 782 adparenter
627 729 758 783 vagis,
791 728 1009 782 primariis
1040 727 1300 780 ancipitibus
1323 726 1494 768 demum
1517 741 1630 768 com-

213 797 414 851 planatis,
446 798 490 838 in
520 796 721 839 inferiore
752 801 875 850 parte
920 794 1120 849 pinnulas
1166 795 1438 836 abbreviatas
1475 808 1629 848 parum

214 865 369 907 divisas
416 865 722 919 spinaeformes,
762 866 806 905 in
851 864 1070 917 superiore
1115 863 1329 917 longiores
1376 863 1629 904 divaricato—

212 933 525 975 ramosissimas
573 936 844 988 corymbosas
898 932 1103 986 apiceque
1149 931 1337 973 rachidis
1383 931 1629 985 corymbose

210 1005 446 1054 congestas,
479 1002 670 1043 ramellis
703 1001 1004 1055 corymborum
1035 1000 1198 1041 ultimis
1220 999 1629 1052 conico-apiculatis,

210 1069 380 1111 demum
427 1070 730 1112 obtusioribus.
776 1069 822 1112 J.
855 1069 935 1122 Ay.
978 1068 1048 1122 Sp.
1077 1082 1125 1121 Ρ.
1172 1068 1265 1109 627.
1315 1067 1631 1120 Sphcerocoecus

211 1138 428 1182 Gel'idz'um
463 1140 594 1181 Kartg.
626 1140 708 1181 tab.
745 1139 873 1193 Phye.
919 1138 1007 1180 Vol.
1043 1137 1170 1180 XIX
1197 1137 1280 1180 tab.
1302 1138 1366 1178 20.
1400 1136 1630 1191 (fragmen-

214 1211 305 1249 tum
336 1208 596 1264 terminale).

358 1276 470 1318 Hab.
501 1277 556 1318 ad
588 1276 755 1318 Insulas
788 1275 920 1317 Indiae
952 1275 1254 1317 Occidentalis.

97 1381 133 1420 8.
166 1380 298 1421 Euan.
330 1394 646 1422 ECHINOCARPUM
677 1380 867 1433 (Aresch.
904 1379 1032 1434 Phye.
1062 1394 1153 1422 nov.
1180 1394 1224 1433 p.
1255 1381 1328 1435 23)
1359 1379 1510 1421 fronde
1540 1384 1633 1421 tota

210 1447 424 1502 subplana
454 1463 480 1490 a
510 1449 703 1503 margine
742 1449 951 1502 pinnatim
991 1448 1291 1501 decomposita,
1331 1448 1472 1501 pinnis
1511 1448 1630 1489 disti-

209 1517 299 1558 chis
331 1518 450 1572 vagis
481 1517 550 1558 hic
595 1517 681 1558 illic
727 1518 946 1571 oppositis,
995 1517 1260 1570 longioribus
1306 1516 1629 1569 minoribusque

210 1585 553 1639 spinaeformibus
584 1586 830 1640 interjectis,
862 1585 1051 1638 pinnulis
1083 1584 1379 1638 complanatis,
1410 1583 1629 1626 sterilibus

210 1655 509 1708 superioribus
541 1655 809 1708 prolongatis
847 1654 1028 1696 distiche
1067 1654 1323 1707 compositis,
1355 1653 1630 1694 inferioribus

209 1723 513 1778 fertilibusque
545 1724 810 1766 abbreviatis
841 1724 955 1764 infra
986 1724 1127 1777 apices
1158 1722 1330 1764 inflatos
1360 1722 1630 1776 divergenter

209 1792 451 1845 spinulosos
483 1793 754 1846 cystocarpia
782 1791 1019 1833 rotundata
1049 1791 1309 1845 gerentibus.

322 1860 433 1902 Hab.
466 1861 520 1902 ad
553 1875 651 1902 oras
683 1860 876 1902 Brasiliae
908 1860 1011 1914 (Hb.
1043 1859 1345 1914 Areschougl).

188 1941 316 1985 Quoad
342 1941 626 1977 ramifieationis
654 1953 823 1976 normam
851 1947 909 1976 est
936 1942 1106 1986 quaedam
1134 1953 1214 1975 cum
1248 1940 1387 1976 Gracil.
1420 1939 1629 1975 cervicorni

98 2000 137 2031 et
161 1997 332 2033 affinibus
370 1998 621 2043 congruentia
656 1998 820 2034 habitus.
869 1999 1114 2044 Cystocarpia
1150 2010 1238 2033 vero
1270 2009 1291 2031 a
1314 2009 1372 2031 me
1417 1996 1631 2031 examinata

97 2055 366 2089 Eucheumatis
406 2055 571 2100 speciem
597 2055 801 2100 genuinam
836 2057 996 2101 probare
1034 2056 1224 2090 videntur.
1273 2055 1316 2089 E.
1343 2054 1545 2097 Gelidium,
1583 2053 1629 2088 de

96 2111 200 2156 cujus
226 2111 430 2146 identitate
456 2112 627 2155 quaedam
665 2112 778 2147 dubia
814 2112 945 2147 habuit
981 2112 1215 2157 Aresohoug‚
1243 2114 1302 2145 est
1339 2111 1482 2155 speeies
1509 2111 1629 2144 multo

95 2168 216 2213 magis
242 2178 382 2212 crassa,
408 2168 576 2213 pinnulis
602 2168 872 2214 decompositis
899 2168 1157 2203 teretiusculis
1185 2171 1223 2202 et
1250 2167 1468 2202 divaricatis
1496 2167 1628 2212 digno·

97 2224 248 2259 scenda.

96 2340 208 2362 ‘'⁵²³‘***
242 2340 413 2383 Fronde
442 2354 684 2394 compressa
715 2343 790 2382 aut
822 2339 970 2393 plana,
994 2340 1183 2393 papillis
1221 2341 1385 2382 demum
1423 2341 1627 2383 densissi-

209 2410 303 2460 mis,
335 2411 425 2451 sine
458 2409 604 2451 ordine
644 2409 864 2462 conspicuo
896 2423 924 2450 α
954 2409 1147 2461 maryz’ne
1176 2412 1212 2450 et
1243 2423 1270 2450 a
1292 2410 1461 2462 payina
1487 2409 1628 2461 plana

200 2477 559 2530 provenientibus.

97 2594 133 2633 9.
165 2592 295 2633 Eum.
328 2592 549 2650 GELATAINAE
580 2592 711 2646 (Esp.
747 2592 849 2634 Fue.
882 2592 964 2633 tab.
1000 2593 1096 2645 101)
1127 2592 1279 2634 fronde
1311 2595 1529 2646 prostrata
1557 2608 1625 2634 su-

210 2673 340 2713 perne
362 2659 648 2702 adscendente
670 2661 800 2714 plana
821 2660 1106 2701 crassiuscula
1134 2675 1238 2713 vage
1261 2660 1626 2704 dichotomo-sub-

210 2727 402 2780 pinnata,
450 2729 678 2781 segmentis
724 2729 959 2770 linearibus
1004 2729 1124 2781 apice
1170 2730 1403 2770 attenuatis
1449 2730 1624 2780 obtusis,

154 2852 156 2856 ,
210 2794 380 2848 papillis
411 2809 437 2836 a
467 2797 661 2850 margine
692 2801 734 2837 et
754 2811 779 2837 a
801 2797 917 2838 disco
948 2796 1115 2850 paginae
1148 2797 1361 2850 praecipue
1393 2798 1624 2850 superioris

209 2863 558 2916 provenientibus
581 2864 777 2921 plurimis
799 2864 1249 2920 cylindraoeo-conicis
1266 2865 1529 2920 simplicibus
1550 2870 1625 2908 aut
