1757 3114
32 152 36 153 γ
76 121 393 176 Chrysymeozia.
659 120 1041 162 RHODYMENIAOEAE.
1528 121 1604 164 321

74 233 248 277 evolutae,
275 233 366 267 licet
391 231 564 278 plurimae
592 235 641 267 et*
654 233 836 278 proximae
856 233 1066 278 dispositae,
1088 235 1215 268 tamen
1234 233 1339 268 nullo
1356 234 1468 269 modo
1488 246 1607 279 soros,

73 293 172 327 nudo
197 292 305 327 oculo
331 294 395 325 aut
421 291 489 325 sub
515 295 718 336 augmento
743 291 880 327 minori
900 291 1139 336 conspicuos,
1165 303 1268 327 more
1294 292 1508 337 Nitophylli
1534 292 1608 327 for—

71 351 231 383 mantes.

163 405 419 450 Cystocarpiis
458 406 600 451 ignotis
639 418 708 441 nec
747 408 793 441 de
832 406 978 440 Genere
1016 408 1147 439 certus
1187 418 1280 450 sum,
1307 417 1390 451 nec,
1418 407 1449 441 si
1474 418 1610 442 revera

75 465 358 509 Chrysymeniae
386 464 550 510 speciem
576 465 798 508 constituat,
825 464 917 498 mihi
944 464 1066 507 liquet
1092 464 1151 497 cui
1179 464 1340 499 sectioni
1365 464 1609 509 potissimum

70 523 274 568 pertineat.
324 522 382 556 Ex
407 522 541 557 habitu
565 522 806 566 potissimum
830 521 1046 566 Nitophylli
1072 520 1237 565 speciem
1257 522 1446 556 crederes.
1481 521 1609 567 Sphae-

69 592 237 625 rosporae
266 583 390 614 autem
416 580 572 614 minutae
601 583 639 614 et
666 580 866 613 evidenter
892 578 1090 613 cruciatim
1117 578 1249 613 divisae
1276 578 1369 612 mihi
1404 579 1496 613 satis
1523 591 1608 624 pro-

68 638 161 671 bant
185 648 307 681 neque
333 636 547 681 Nitophylli
575 649 696 681 neque
723 636 1044 681 Rhodophyllidis
1074 636 1242 680 speciem
1271 648 1366 671 esse.
1417 637 1609 672 Frondem

69 705 168 727 nunc
196 693 353 728 solidam
381 705 464 728 esse
492 693 633 728 certius
661 694 760 736 vidi3
786 704 886 728 1111110
911 694 1263 738 plano-tubulosam
1291 694 1421 729 videre
1448 695 1609 739 credidi,

69 753 111 784 ut
137 762 283 794 quoque
308 751 347 784 in
374 750 660 795 Chrysymeniis
689 750 826 795 saepius
866 750 1018 793 accidit,
1045 753 1084 784 at
1121 762 1196 785 non
1222 754 1349 785 certus
1375 754 1455 786 tum
1481 754 1609 786 utrum

68 807 171 843 frons
198 809 374 843 tubulosa
399 809 686 852 dilaceratione,
708 830 750 833 -—
771 810 815 843 ab
835 807 1050 843 evolutione
1075 808 1237 842 normali
1255 809 1440 853 producta
1457 830 1498 834 —
1517 820 1609 854 pen-

70 865 170 909 deat,
199 877 245 899 an
283 865 535 901 dissolutione
573 867 740 911 partium
777 866 1002 900 interiorum
1035 887 1076 890 —
1104 867 1173 901 sub
1212 866 1316 901 lenta
1353 867 1607 901 exsiccatione

67 921 212 957 frondis
238 922 439 957 admodum
463 923 687 968 gelatinosae
716 945 756 948 -—
782 926 866 958 orta
891 923 954 958 sit.

158 979 264 1013 Hanc
291 980 471 1024 speciem,
511 981 615 1025 cujus
654 980 815 1025 plurima
855 980 1062 1026 specimina
1099 992 1224 1015 coram
1262 981 1390 1024 habui,
1429 981 1469 1014 in
1494 981 1610 1015 Flora

67 1037 187 1072 Novae
217 1039 409 1073 Zelandiae
437 1051 513 1074 non
551 1042 797 1073 memoratam
836 1039 959 1083 video,
998 1039 1072 1073 11131
1111 1040 1179 1073 sub
1216 1039 1369 1073 nomine
1395 1039 1609 1084 Nitopliylli

30 1125 33 1127 ,
69 1095 249 1130 variolosi
274 1096 391 1130 Harv.
418 1097 549 1131 lateat.
584 1097 790 1132 Processus
818 1097 917 1131 enim
938 1109 958 1131 a
976 1096 1081 1132 disco
1107 1096 1378 1142 provenientes
1398 1100 1435 1131 et
1454 1097 1610 1142 plurimi

68 1155 107 1186 et
131 1152 185 1186 ita
212 1156 301 1187 sunt
327 1154 536 1198 conspicui,
563 1158 605 1188 ut
631 1156 915 1189 observatorem
942 1166 1064 1198 neque
1097 1154 1260 1199 fugiant,
1293 1165 1414 1198 neque
1440 1153 1479 1187 in
1504 1154 1608 1199 diag-

11 1242 13 1245 .
68 1210 151 1245 nosi
188 1211 428 1246 omittantur.
478 1212 630 1246 Nullam
654 1215 793 1247 autem
833 1212 997 1258 speciem
1034 1212 1073 1246 in
1111 1212 1224 1247 Flora
1261 1212 1377 1247 Novae
1416 1211 1608 1246 Zelandiae

46 1268 253 1312 ⁴ejusmodi
279 1270 554 1314 appendicibus
595 1270 821 1304 instructam
861 1270 1099 1304 enumeravit
1137 1270 1302 1315 Harvey,
1340 1270 1415 1305 nisi
1452 1271 1609 1304 allatum

41 1327 44 1330 ’
67 1325 145 1360 Ν11.
173 1326 415 1361 variolosum.
466 1327 519 1361 De
546 1327 616 1361 hoc
643 1339 732 1361 vero
761 1327 860 1362 dixit
884 1327 1035 1371 Harvey
1062 1327 1234 1372 stipitem
1273 1338 1356 1362 esse
1394 1329 1609 1371 cuneatum,

67 1384 180 1425 atque
206 1383 399 1428 praecipue
427 1396 510 1418 esse
538 1384 752 1429 superiores
791 1385 912 1429 lobos,
951 1384 1013 1428 qui
1050 1386 1303 1429 processubus
1340 1384 1520 1418 instructi
1545 1385 1609 1418 ob-

67 1439 240 1482 veniant:
279 1453 383 1476 soros
424 1441 587 1485 denique
633 1453 717 1476 esse
762 1441 1278 1486 hemispliaerico-convexos,
1323 1442 1608 1487 sphaerosporas

67 1508 203 1542 paucas
229 1498 423 1544 triangule
450 1499 591 1534 divisas
618 1499 810 1540 foventes&
838 1510 919 1542 quae
947 1499 1073 1533 onmia
1098 1499 1137 1532 in
1163 1501 1333 1533 nostram
1359 1510 1494 1544 parum
1520 1509 1609 1541 qua-

68 1554 192 1588 drant.
243 1555 415 1600 Speciem
441 1556 569 1599 itaque
595 1555 801 1600 insignem,
839 1555 950 1590 unico
987 1558 1136 1589 tantum
1168 1556 1250 1590 loco
1278 1558 1316 1589 at
1341 1554 1476 1599 majori
1502 1554 1610 1599 copia

67 1610 217 1655 lectam,
244 1612 418 1657 Harveyo
444 1612 614 1657 ignotam
641 1612 772 1655 fuisse,
799 1612 925 1657 potius
953 1623 1145 1646 assumere
1174 1612 1300 1646 debui.

67 1705 121 1746 II.
153 1705 433 1749 HALIOHRYSIS
477 1709 639 1761 fronde
691 1708 1011 1750 membranacea
1048 1708 1203 1760 plana,
1251 1711 1339 1750 tota
1384 1707 1608 1761 conforrm’,

177 1775 448 1818 solidesceme
479 1781 554 1818 aut
583 1778 744 1818 interne
773 1778 932 1829 spatiis
963 1777 1199 1818 minoribus
1232 1777 1445 1829 disrupta,
1475 1789 1605 1817 vacuo

165 1843 262 1897 filis
291 1846 363 1886 vix
393 1846 632 1897 conspicias
644 1858 878 1898 pereanem·
900 1845 1182 1898 cystoearpiis
1205 1844 1609 1898 ‘ncccmz‘lloeformiter

169 1913 449 1964 promimdis,
480 1913 624 1956 amelec
656 1913 829 1955 obscuro
860 1914 989 1966 quasi
1035 1927 1139 1955 area
1183 1912 1382 1955 dilutiore
1426 1913 1603 1954 circum-

179 1980 351 2023 vallato.

70 2070 106 2111 4.
138 2069 240 2113 CHR.
272 2086 475 2114 DEPRESSA
506 2072 730 2127 (Schousb.
764 2074 912 2130 msc-r.)
943 2072 1095 2114 fronde
1123 2073 1457 2114 membranacea
1477 2072 1609 2126 plana

183 2140 469 2182 crassiuscula
499 2154 605 2195 vage
637 2154 827 2194 expansa
866 2141 1255 2196 irregulariterque
1294 2141 1512 2193 laciniata,
1544 2141 1608 2183 la-

183 2209 304 2250 ciniis
336 2209 527 2264 oblongis
560 2224 734 2250 sursum
767 2209 973 2261 dilatatis,
996 2210 1299 2252 terminalibus
1322 2210 1607 2263 subpalmati-

181 2275 266 2319 fide
297 2277 524 2330 laciniatis,
557 2277 724 2319 laciniis
757 2277 925 2319 ambitu
955 2292 1067 2332 saepe
1100 2279 1295 2330 sinuosis,
1329 2279 1606 2333 cystocarpiis

183 2359 259 2398 per
289 2345 488 2387 frondem
519 2346 691 2387 densius
723 2346 886 2399 sparsis
933 2346 1107 2388 elevatis
1154 2346 1381 2400 conspicue
1426 2346 1606 2387 circum-

182 2413 364 2454 vallatis.
395 2413 441 2455 J.
464 2413 544 2467 Ay.
573 2413 644 2467 Sp.
658 2428 706 2467 p.
730 2414 822 2455 212.
854 2414 1133 2468 Halichrysis
1155 2416 1360 2467 depressa
1385 2414 1607 2464 Samma,-

183 2481 357 2535 Halym.
390 2495 573 2524 carnosa
607 2483 736 2524 Kiete.
769 2483 853 2525 tab.
892 2482 1021 2537 Phyc.
1065 2482 1151 2525 Vol.
1188 2483 1316 2525 XVI
1341 2483 1424 2524 tab.
1457 2482 1534 2523 98?

262 2550 371 2592 Hab.
404 2550 448 2591 111
478 2551 795 2592 mediterraneo
827 2554 869 2592 et
900 2551 1106 2593 atlantico
1138 2552 1287 2592 vicino.

72 2641 107 2681 5.
138 2639 240 2683 CHR.
282 2641 609 2684 MEREDITHIANA
654 2643 717 2696 (J.
763 2642 845 2697 Ay.
893 2647 1034 2696 mser.)
1079 2643 1230 2685 fronde
1275 2644 1606 2685 membranacea

180 2709 312 2763 plana
342 2710 631 2752 crassiuscula
662 2725 793 2765 supra
824 2710 982 2752 callum
1025 2711 1259 2752 radicalem
1299 2711 1437 2753 3033111
1467 2715 1508 2753 et
1538 2726 1605 2753 re-

182 2778 423 2820 niformiter
454 2793 656 2833 expansa,
695 2780 794 2822 dein
831 2779 1015 2833 oblonga
1052 2781 1241 2822 maxima
1272 2779 1410 2834 (ultra
1441 2780 1605 2836 pedali)

182 2847 447 2891 subindivisa
478 2851 553 2889 aut
583 2847 692 2891 101113
733 2849 930 2890 maximis
976 2848 1222 2890 rotundatis
1269 2851 1452 2902 subvage
1498 2848 1604 2888 laei-

1425 2916 1466 2948 21
