1757 3114
80 138 351 181 Gcclccoeaura.
620 140 1117 181 HELMINTHOCLADIACEAE.
1525 140 1604 180 523

192 252 312 303 Quod
344 256 486 293 autem
526 253 709 295 maxime
755 253 859 294 mihi
905 265 1012 294 nova
1056 251 1189 294 dubia
1234 253 1286 294 de
1332 254 1607 308 systematica

77 319 354 373 dispositione
392 322 629 374 specierum
666 322 924 363 Galaxaurae
963 321 1095 362 movit
1142 326 1242 364 sunt
1277 317 1472 373 fructus,
1500 335 1606 375 quos

77 389 177 430 licet
202 391 292 444 jam
323 404 348 431 a
379 391 611 433 Decaisneo
644 391 880 445 descriptos
913 398 954 432 et
986 391 1021 432 si
1043 391 1162 432 11111111
1196 393 1276 433 rite
1297 392 1607 444 interpretatus

79 471 185 509 sum,
217 459 370 511 saepius
401 465 634 512 praesentes
664 460 881 510 indicavit,
914 460 1004 512 ipse
1036 459 1200 501 frustra
1220 461 1264 501 in
1285 460 1481 513 plurimis
1513 472 1608 513 spe-

78 527 221 568 ciebus
253 527 446 580 quaesivi3
480 543 585 581 quos
617 543 692 570 nec
723 528 891 582 Harvey
921 527 1038 576 vidit,
1072 542 1148 569 nec
1179 529 1333 570 inulla
1364 528 1513 582 specie,
1545 528 1609 568 111-

78 598 143 635 ter
174 595 382 648 plurimas
413 610 439 636 a
471 596 701 649 Kiitzingio
739 596 943 650 depictas,
982 596 1037 637 ab
1075 610 1123 637 eo
1154 596 1391 638 delineatos
1429 595 1609 637 invenio.

78 663 338 717 Comparata
367 678 466 706 vero
496 664 714 706 fructuum
745 665 1030 718 descriptione
1062 678 1087 705 a
1118 665 1326 706 Decaisne
1372 665 1475 706 data
1513 678 1610 705 cum

77 731 196 773 icone
227 735 270 772 et
299 731 585 786 descriptione
616 747 642 774 a
672 732 933 774 Zanardinio
967 732 1010 773 in
1050 732 1242 786 Iconogr.
1275 733 1486 774 adriatica
1521 737 1610 773 tra-

78 800 180 850 dita,
233 800 432 842 dubitare
477 816 561 842 11011
606 802 704 843 licet
755 802 919 843 fructus
967 815 1057 842 esse
1105 802 1383 856 cystocarpiis
1429 801 1607 843 801113131-

78 868 366 921 maximopere
411 874 706 922 congruentes.
753 874 796 910 et
839 870 900 910 ita
944 869 1214 910 Galaxauras
1259 883 1350 910 esse
1390 869 1610 922 Liagoreis

79 936 311 978 admodum
344 938 621 991 propinquas,
664 939 881 991 propriam
922 938 1152 978 sectionem
1189 938 1300 978 inter
1346 936 1612 978 Hehnintho-

79 1006 249 1048 cladeas
280 1008 588 1049 constituentes
620 1021 671 1049 ex
703 1011 842 1048 mente
888 1007 1148 1048 Zanardinii.
1209 1008 1311 1058 Quae
1348 996 1451 1048 vero
1484 1007 1519 1048 si
1553 1008 1614 1048 ita

79 1076 179 1126 sint«,-
210 1076 501 1129 maximopere
533 1077 958 1118 animadvertendum
989 1076 1204 1129 adparuit,
1240 1091 1304 1118 me
1336 1076 1499 1117 fructus
1523 1091 1613 1117 0111-

79 1144 178 1185 111110
210 1144 399 1185 diversos
430 1144 473 1184 in
505 1144 554 1185 G.
588 1145 833 1197 marginata
865 1145 1124 1186 observasse.
1168 1145 1216 1186 In
1249 1146 1479 1198 specimine
1501 1146 1613 1186 enim

77 1212 205 1266 hujus
236 1226 258 1253 e
299 1211 417 1253 Nova
460 1212 694 1254 Hollandia
738 1213 860 1254 video
904 1213 1096 1254 maculas
1143 1213 1367 1254 obscurius
1400 1213 1614 1254 coloratas

78 1282 278 1331 minutas,
311 1281 525 1334 praecipue
558 1295 678 1322 secus
711 1282 925 1334 margines
964 1281 1206 1334 dispositas,
1240 1295 1335 1335 quae
1367 1286 1616 1323 transversa

80 1350 264 1391 sectione
295 1350 562 1403 cystocarpia
601 1350 817 1390 continere
848 1348 1062 1402 adparent
1093 1349 1208 1390 infra
1239 1349 1507 1402 superficiem
1538 1350 1617 1390 im-

80 1432 232 1469 mersa,
265 1419 407 1472 quoad
440 1422 704 1460 structuram
737 1432 833 1459 cum
864 1419 914 1460 iis
945 1419 1238 1471 congruentia,
1280 1432 1375 1472 quae
1416 1418 1616 1459 Chaetan—

80 1487 185 1541 gieis
217 1487 565 1528 characteristica
596 1487 639 1527 in
671 1486 898 1539 Speciebus
932 1487 1139 1539 Algarum
1173 1487 1391 1539 descripsi.
1452 1485 1614 1540 Crypta

81 1555 283 1596 nimirum
314 1555 515 1596 immersa
546 1555 731 1608 cingitur
762 1554 843 1595 filis
889 1554 1018 1596 dense
1064 1555 1289 1604 intricatis,
1336 1555 1614 1596 circumcirca

81 1625 380 1666 ambientibus.
442 1625 506 1665 Ab
537 1625 740 1666 interiore
772 1624 936 1677 pariete
975 1624 1102 1678 hujus
1140 1624 1291 1677 plexus
1323 1622 1396 1664 fila
1432 1623 1617 1664 circum-

80 1693 194 1734 circa
225 1693 481 1746 proveniunt
504 1693 701 1745 plurima,
725 1696 919 1733 centrum
942 1706 1087 1733 versus
1110 1692 1422 1746 convergentia,
1446 1691 1617 1733 inferne

80 1761 313 1802 articulata
330 1765 372 1803 et
388 1761 598 1812 tenuiora,
618 1762 659 1801 in
677 1761 858 1802 articulo
880 1761 1095 1802 terminali
1117 1750 1271 1815 majori
1294 1761 1479 1814 oblongo
1502 1774 1619 1813 geni-

80 1830 214 1871 inidia
244 1830 414 1884 singula
445 1830 506 1884 (P)
537 1830 734 1872 foventia.
794 1830 888 1871 Fila
926 1830 1241 1882 gemmidiifera
1271 1834 1441 1871 tantum
1472 1831 1613 1872 minus

81 1898 337 1939 fasciculata
381 1912 510 1952 quam
557 1900 601 1939 in
647 1897 954 1952 Chaetangieis;
993 1903 1035 1940 et
1071 1899 1165 1951 ipsa
1195 1899 1438 1952 gemmidia,
1470 1898 1617 1940 forsan

80 1981 165 2007 11011
196 1967 278 2007 rite
300 1970 483 2013 matura,
508 1967 631 2020 quasi
654 1967 803 2008 nucleo
826 1981 1237 2019 mucoso-grumoso,
1262 1967 1383 2021 cujus
1405 1967 1448 2008 in
1469 1967 1614 2008 media

81 2039 204 2088 parte
237 2036 407 2076 macula
428 2037 564 2089 magis
596 2036 787 2077 colorata
818 2036 952 2085 adest,
984 2036 1230 2077 constituta.
1272 2035 1442 2077 Addere
1475 2036 1617 2089 placet

82 2103 288 2145 articulos
319 2103 543 2145 inferiores
576 2105 755 2145 seriatos
794 2104 1025 2145 admodum
1063 2104 1313 2157 conspicuos
1354 2104 1509 2157 saepius
1541 2103 1619 2144 ad-

82 2184 249 2224 parere,
283 2171 604 2225 sphaerosporas
637 2172 824 2212 zonatim
871 2172 1025 2213 divisas
1071 2172 1306 2225 aliquando
1352 2172 1618 2213 mentientes.

24 2273 27 2274 γ
83 2238 296 2281 Contentu
327 2239 490 2281 cellulae
521 2239 760 2281 terminalis
793 2240 959 2287 emisso,
992 2240 1220 2282 collabitur
1242 2240 1494 2281 membrana
1516 2240 1620 2294 hya-

82 2308 193 2359 lina3
225 2308 290 2349 hae
322 2309 582 2349 membranae
614 2309 891 2361 persistentes
924 2310 1047 2362 quasi
1086 2313 1370 2362 paranemata
1402 2309 1520 2349 novis
1551 2322 1620 2349 ar-

84 2377 226 2418 ticulis
257 2378 302 2418 in
333 2378 563 2430 gemmidia
593 2379 896 2419 transmutatis
928 2379 1154 2431 adparent.

198 2445 241 2487 Si
272 2446 315 2486 in
347 2445 458 2499 Alga
491 2446 690 2487 Floridea
720 2447 857 2500 magis
889 2447 1080 2499 vulgaris
1112 2446 1260 2488 formae
1293 2447 1403 2487 hanc
1435 2448 1621 2486 structu-

84 2527 177 2555 ram
209 2514 517 2563 observassem,
549 2513 666 2557 nullo
699 2515 869 2556 omnino
901 2514 1032 2556 dubio
1072 2514 1283 2568 ejusmodi
1314 2513 1467 2566 Algam
1499 2511 1621 2553 (111εο-

84 2582 267 2635 tangieis
298 2581 553 2632 retulissem,
586 2586 628 2623 et
658 2588 908 2636 comparata
939 2587 1030 2624 tota
1061 2586 1281 2624 structura
1311 2581 1457 2621 forsan
1488 2581 1620 2622 Acro-

85 2650 172 2704 tylo
203 2650 455 2703 proximam.
497 2650 607 2700 Quid
639 2654 782 2691 autem
815 2640 1068 2692 concludere
1099 2650 1209 2693 licet,
1244 2648 1450 2702 ejusmodi
1482 2652 1621 2689 struc-

85 2721 185 2760 tura
215 2717 381 2759 fructus
412 2718 454 2758 in
488 2718 639 2770 planta
669 2719 932 2769 obveniente,
966 2733 1060 2772 quae
1093 2732 1188 2758 cum
1228 2717 1325 2757 aliis
1363 2716 1622 2758 Galaxaurae

86 2787 311 2840 speciebus
343 2789 514 2826 tantam
546 2786 673 2827 habet
704 2787 961 2840 analogiam,
994 2786 1138 2826 fructu
1169 2799 1267 2827 vero
1298 2785 1341 2825 in
1363 2785 1430 2826 his
1452 2785 1622 2826 omnino

86 2855 265 2903 diverso,
297 2853 381 2895 fide
411 2853 635 2895 Decaisnei
665 2859 707 2895 et
737 2853 1013 2896 Zanardinii?
1047 2853 1151 2895 Mihi
1183 2853 1251 2895 vix
1282 2852 1408 2895 aliter
1425 2853 1622 2908 judican-
