1762 3036
144 144 223 185 142
303 173 330 192 „2
706 142 1101 185 CRYPTONEMmonffl.
1398 142 1675 196 Halymemfa.

142 257 307 298 HALYM.
339 270 584 298 TENUISPINA
619 256 747 299 Kictz.
780 258 862 299 tab.
897 256 1030 311 Phye.
1074 256 1161 299 Vol.
1196 258 1242 297 17
1277 257 1359 298 tab.
1392 257 1415 297 2
1448 270 1470 297 e
1502 255 1620 296 Java.

141 350 206 392 H?
239 349 457 391 MUELLERI
495 348 648 403 (Sond.
696 351 842 405 mser.)
888 348 1040 390 fronde
1088 348 1487 402 compresso-plana
1531 361 1677 389 crassa

255 417 469 472 pinnatim
501 416 807 470 decomposita,
840 417 1016 458 racliide
1049 417 1244 466 dilatata,
1276 417 1419 470 pinnis
1451 431 1477 457 a
1498 417 1591 458 basi
1613 416 1677 456 la-

257 487 365 528 tiore
412 485 647 527 attenuatis
675 486 879 541 ,margine
920 485 1106 526 dentatis
1137 485 1338 527 dentibus
1370 484 1677 538 patentissimis

255 554 598 596 horizontalibus
630 568 709 595 sua
737 554 1006 607 longitudine
1038 554 1311 595 latitudinem
1342 554 1530 595 rachidis
1561 553 1679 594 haud

255 623 541 678 aequantibus.
590 622 767 677 Halym.
814 622 1017 664 Mueller&
1065 623 1191 666 Sond.
1243 622 1373 665 Kritz.
1418 623 1500 664 tab.
1546 621 1677 675 Phyc.

266 693 342 735 Vol
374 693 425 733 16
457 692 539 734 tab.
573 693 638 733 95.

252 784 270 788 ⁷
406 774 473 815 Ad
504 773 669 816 Novam
700 773 992 815 Hollandiam.

231 854 382 898 Harvey
407 853 445 888 in
472 853 559 898 Syn.
588 853 703 898 Phyc.
731 856 849 888 austr.
878 854 946 888 sub
972 865 1033 888 nto
1059 853 1125 888 595
1153 852 1351 898 supposuit
1377 863 1481 886 suam
1506 852 1551 886 N.
1579 851 1679 885 Geli-

141 912 352 947 narioidem
391 923 475 945 cum
512 911 662 955 Halym.
700 910 878 944 Muelleri
917 910 1031 945 Sond.
1069 909 1197 944 forsan
1223 909 1430 943 identicam
1463 920 1558 943 esse.
1608 909 1679 942 Est

140 982 230 1005 vero
270 981 345 1004 sec.
372 970 519 1003 iconem
545 969 687 1013 plantae
724 968 984 1011 Sonderianae‚
1012 979 1122 1011 quain
1147 968 1171 1002 1.
1199 979 1230 1001 c.
1257 967 1364 1001 dedit
1389 967 1569 1011 Ksttzing,
1596 966 1678 1000 haec

139 1028 270 1073 planta
315 1027 516 1061 admodum
560 1026 724 1060 diversa.
784 1026 844 1059 An
887 1025 1149 1070 congenericae
1188 1025 1279 1068 sint,
1316 1036 1386 1058 nec
1422 1024 1556 1068 liquet.
1596 1022 1677 1057 Sec.

140 1084 313 1128 analysin
353 1095 374 1117 a
410 1083 521 1117 Kiitz.
561 1083 687 1116 datam
713 1082 805 1116 mihi
844 1086 989 1116 certum
1027 1082 1179 1117 videtur
1211 1082 1481 1116 Sonderianam
1515 1080 1678 1125 speciem

139 1141 240 1175 haud
268 1141 314 1175 ad
339 1139 603 1184 Halymeniam
629 1138 868 1173 referendam
895 1150 991 1173 esse.
1040 1138 1218 1183 Analysis
1244 1138 1371 1183 potius
1397 1138 1678 1173 Nemastomam

140 1199 309 1233 suadeat.
358 1198 444 1243 Ipse
471 1197 618 1231 nullum
646 1195 838 1241 specimen
864 1195 955 1230 vidi.

138 1328 279 1379 ΧΧΠ.
317 1330 750 1379 CORYNOMORPHA.
804 1335 849 1378 J.
905 1334 986 1390 Ay.
1042 1335 1171 1377 Βίαν.
1222 1335 1344 1377 Flor.
1394 1335 1505 1389 Syst.
1543 1349 1591 1388 p.
1640 1335 1676 1375 3.

257 1406 552 1450 Prz'smatoma
583 1407 629 1449 J.
661 1405 742 1460 Ay.
775 1419 839 1458 sp.
862 1418 910 1458 p.
944 1405 1034 1445 193.

138 1500 274 1542 Frons
304 1499 641 1553 simpliciuscula
661 1495 1165 1553 cylindraceo-angulata
1187 1497 1358 1538 demum
1379 1496 1673 1547 clavaeformis,

251 1569 562 1623 prolificatione
594 1567 803 1610 conformi
833 1567 888 1608 ab
911 1566 1031 1619 apice
1052 1569 1253 1606 truncato
1275 1579 1387 1606 nunc
1409 1566 1673 1615 continuata,

252 1638 399 1679 stratis
431 1637 601 1679 duobus
632 1636 888 1677 constituta:
935 1635 1142 1675 interiore
1173 1633 1256 1674 filis
1288 1633 1525 1675 laxioribus
1557 1633 1674 1674 elon-

251 1708 364 1760 gatis
394 1706 575 1747 ramosis
610 1710 651 1746 et
683 1703 1116 1751 anastomosantibus‚
1156 1702 1349 1743 corticali
1379 1701 1461 1742 filis
1492 1702 1673 1743 vertica-

249 1774 363 1816 libus
409 1772 910 1826 dichotomo—fastigiatis
957 1770 1331 1813 moniliforniibus.
1393 1769 1672 1823 Cystocawia

249 1844 293 1884 in
338 1843 532 1896 apicibus
590 1842 817 1895 spongiose
864 1839 1249 1882 intumescentibus
1295 1838 1671 1880 neniathecioideis

248 1910 557 1964 provenientia,
598 1910 787 1963 plurima
819 1909 1136 1962 adm-oximam,
1169 1908 1213 1948 in
1244 1908 1404 1961 cryptis
1436 1921 1547 1960 saepe
1578 1907 1672 1960 plu-

249 1980 459 2021 riseriatis
504 1980 617 2020 inter
661 1978 736 2020 fila
781 1978 1005 2020 verticalia
1044 1978 1260 2019 excavatis
1300 1980 1342 2018 et
1372 1977 1671 2019 secedentibus

249 2048 331 2089 filis
363 2047 523 2100 apertis
555 2047 754 2088 nucleum
777 2046 1038 2100 adparenter
1059 2045 1307 2099 simplicem,
1331 2048 1467 2086 strato
1489 2046 1670 2087 circum·
1718 2091 1725 2094 ,

247 2116 440 2158 nucleari
470 2129 626 2168 parum
658 2115 825 2156 evoluto
848 2116 1046 2158 cinctum,
1068 2113 1273 2165 foventia3
1297 2114 1472 2155 nucleus
1495 2128 1521 2155 a
1541 2114 1670 2167 plexu

248 2184 420 2225 filorum
466 2184 624 2224 sensim
670 2186 962 2224 transmutato
1010 2185 1142 2229 ortus,
1175 2181 1340 2223 cellulis
1372 2182 1669 2224 matricalibus

247 2252 446 2306 pluribus
491 2254 609 2292 certo
656 2251 805 2292 ordine
851 2251 922 2291 vix
966 2250 1198 2303 dispositis,
1238 2250 1408 2290 deinum
1440 2250 1670 2303 gemmidia

247 2320 437 2374 plurima
482 2319 651 2361 minuta
695 2318 1175 2373 rotundato-angulata,
1216 2317 1408 2370 gelatina
1452 2319 1668 2360 ambiente

247 2390 339 2431 sine
361 2389 512 2431 ordine
534 2388 762 2441 conspicuo
784 2387 985 2437 cohibita,
1008 2387 1243 2428 continens.
1275 2386 1588 2439 Sphcerosporcc
1607 2421 1614 2427 .
1633 2420 1640 2426 .
1660 2419 1667 2427 .

246 2457 312 2499 Ad
359 2471 420 2507 ea,
473 2470 568 2510 quae
607 2456 651 2496 in
688 2455 758 2509 Sp.
789 2455 882 2509 Alg.
915 2455 966 2496 de
998 2458 1219 2496 structura
1249 2458 1293 2495 ot
1323 2454 1534 2496 fructibus
1565 2453 1666 2505 dixi,

134 2526 203 2568 vix
236 2526 363 2567 hodie
395 2525 500 2579 quid
532 2524 628 2566 novi
660 2524 820 2565 addere
852 2523 1031 2564 valeam.
1092 2523 1335 2564 Geminidia
1366 2523 1543 2571 minuta,
1577 2523 1667 2563 sine

135 2596 283 2637 ordine
306 2595 534 2648 conspicuo
556 2594 600 2634 in
622 2593 819 2634 nucleum
842 2594 1070 2647 conjuncta
1086 2591 1256 2632 facilius
1275 2589 1523 2639 diffluentia,
1542 2591 1666 2644 quasi

134 2676 257 2703 muco
288 2663 443 2704 laxiori
482 2662 633 2704 cincta.
695 2661 844 2702 Nuclei
876 2661 997 2702 initio
1037 2660 1126 2701 fere
1159 2660 1344 2713 oblongi,
1385 2659 1482 2701 dein
1529 2660 1665 2713 magis

134 2731 297 2771 ambitu
327 2729 563 2779 rotundati,
596 2729 787 2783 gelatina
820 2728 1036 2770 ambiente
1067 2729 1136 2769 vix
1168 2729 1212 2769 in
1239 2727 1423 2769 formam
1446 2726 1665 2768 definitam

134 2798 332 2850 cohibiti3
368 2812 445 2840 nec
480 2801 628 2852 partes
668 2798 858 2840 diversas
896 2801 1013 2839 certo
1045 2797 1194 2839 ordine
1225 2797 1342 2839 intra
1371 2796 1569 2837 nucleum
1601 2796 1664 2837 di-

135 2867 319 2921 spositas
364 2866 450 2909 vidi
483 2892 534 2897 ——
566 2870 717 2921 typum
747 2867 893 2921 itaque
928 2864 1219 2919 Grateloupiae
1250 2879 1328 2907 nec
1359 2864 1663 2919 Schizymeniae
