1757 3114
86 145 332 200 Mychodea.
726 139 1000 183 HYPNEACEAE.
1536 139 1615 180 569

83 259 176 314 veyi
207 271 357 300 revera
385 256 553 310 longius
585 256 835 298 distinctum
865 254 963 310 (cfr.
996 267 1092 308 quae
1124 253 1177 295 de
1198 252 1474 306 Nizzophlaea
1495 252 1615 308 dixi).

84 327 190 369 Mihi
221 325 385 369 nullum
416 326 628 380 specimen
658 325 818 379 plantae
851 323 1099 376 Montagnei
1131 323 1274 365 videre
1304 321 1438 363 licuit.

87 431 121 471 1.
153 430 202 471 D.
234 442 412 470 INSIGNIS
443 428 600 483 (Mont.
637 427 787 470 Prodr.
820 427 846 468 Ζ.
878 428 933 483 c.)
971 425 1123 467 fronde
1162 425 1264 468 setis
1301 424 1617 477 microsoopicis

198 497 339 539 obsita
368 510 473 551 vage
504 496 806 550 decomposita,
837 494 1117 536 teretiuscula
1156 494 1287 536 ramis
1317 493 1521 547 utrinque
1552 497 1616 534 at-

199 565 400 616 tenuatis,
447 565 746 607 terminalibus
791 563 940 605 acutis.
984 561 1119 604 Mont.
1179 562 1278 616 Voy.
1322 561 1412 603 Pol.
1447 560 1548 603 Sud.
1570 575 1617 613 p.

198 634 289 674 102.
322 633 403 675 tab.
436 633 556 687 8figs.
591 633 626 673 3.
663 633 792 674 Kiitz.
844 631 935 674 Tab
985 630 1113 685 Phyc.
1173 630 1261 673 Vol.
1314 629 1501 677 XVIII
1534 629 1617 671 tab.

202 702 264 742 18.
297 700 342 743 J.
376 700 456 755 Ay.
492 700 563 754 Sp.
585 715 632 754 p.
665 701 759 742 215.

348 769 398 810 In
429 770 538 810 mari
570 769 697 811 Novae
729 767 956 811 Zelandiae.

84 957 237 1007 CXLI!-
276 959 550 1005 MYCHODEA
588 967 724 1010 Harv.
755 969 801 1010 in
833 966 968 1009 Lond.
999 965 1153 1009 Journ.
1187 965 1263 1008 VI.
1276 980 1324 1019 p.
1346 966 1438 1006 407.
1471 964 1616 1006 Acan-

195 1038 408 1080 thoeoccus
443 1036 488 1080 J.
521 1036 601 1090 Ay,
637 1037 707 1090 Sp.
730 1051 779 1090 p.
811 1038 893 1078 434
922 1036 1081 1089 (quoad
1110 1035 1293 1078 charact.
1331 1038 1369 1077 et
1397 1034 1497 1077 exal.
1529 1035 1616 1089 sp.)

195 1109 233 1147 et
266 1105 490 1148 Lecithites
521 1104 565 1148 J.
598 1105 679 1159 Ay.
714 1105 785 1159 Sp.
807 1119 855 1159 p.
887 1104 980 1145 635.

35 1261 38 1263 —
84 1234 221 1276 Frons
251 1246 432 1275 carnosa
462 1237 538 1275 aut
558 1233 807 1288 gelatinosa‚
831 1232 1110 1275 teretiuscula
1131 1235 1207 1273 aut
1226 1231 1316 1274 fere
1338 1232 1481 1285 plana,
1504 1235 1616 1274 stra-

195 1303 250 1344 tis
281 1302 421 1344 tribus
451 1306 671 1345 contexta:
704 1302 931 1345 medullari
962 1302 1045 1344 filis
1068 1301 1277 1356 elongatis
1300 1301 1554 1343 dichotomis
1576 1305 1620 1343 et

197 1371 630 1422 anastomosmtibus,
679 1372 889 1413 arcuatim
933 1371 1046 1412 inter
1097 1369 1274 1412 cellulas
1320 1370 1445 1411 strati
1489 1370 1618 1411 medii

197 1453 375 1493 magnas
405 1440 661 1482 rotundatas
693 1440 1041 1490 excurrentibus3
1074 1438 1268 1481 corticali
1291 1437 1456 1480 cellulis
1478 1438 1522 1480 in
1543 1438 1618 1479 fila

197 1508 418 1549 verticalia
449 1507 626 1550 evolutis
657 1512 890 1551 constante.
933 1506 1214 1562 Cystocarpia
1245 1507 1388 1549 frondi
1416 1508 1619 1548 immersa

198 1580 274 1618 aut
305 1576 626 1630 hemisphaerice
648 1576 887 1618 lateraliter
908 1577 1168 1630 prominula,
1190 1577 1308 1618 intra
1328 1576 1617 1630 pericarpium

197 1645 390 1687 clausum
421 1645 636 1688 nucleolos
667 1645 875 1700 plurimos
906 1646 1113 1697 foventia3
1145 1645 1330 1687 nucleoli
1356 1644 1439 1686 filis
1460 1645 1617 1686 reticu-

195 1713 318 1755 latim
349 1714 635 1756 ambientibus
667 1714 992 1768 circumscripti,
1015 1715 1131 1756 intra
1152 1714 1340 1768 spatium
1362 1713 1616 1756 rotundato-

197 1782 449 1836 angulatum
466 1782 696 1837 gemmidia
711 1783 990 1824 circumcirca
1011 1783 1066 1824 ab
1089 1783 1377 1826 ambientibus
1394 1782 1477 1824 filis
1499 1796 1617 1836 egre—

197 1850 360 1892 dientia
377 1851 639 1906 pyriformia,
663 1851 832 1905 singula
850 1851 993 1905 stipite
1011 1850 1150 1902 affixa,
1168 1851 1438 1905 excipientes.
1474 1850 1618 1904 Sphae-

194 1931 383 1971 rosporce
412 1918 552 1960 frondi
583 1919 793 1961 immersae
825 1933 985 1973 sparsae
1018 1919 1204 1962 zonatim
1235 1919 1390 1961 divisae.

197 2044 349 2097 Ignoto
381 2044 484 2086 mihi
516 2044 656 2086 adhuc
687 2044 830 2086 fructu
860 2046 904 2086 in
936 2046 1079 2101 typica
1117 2045 1257 2100 specie
1294 2044 1617 2095 Acanthococci‚

83 2111 353 2154 characteres
399 2113 566 2167 generis
610 2113 665 2155 ad
711 2114 905 2167 speciem,
953 2127 1083 2168 quam
1128 2113 1300 2156 unicam
1347 2113 1618 2156 fructiferam

83 2180 438 2231 examinaverain,
484 2181 528 2222 in
572 2182 688 2236 Spec.
736 2182 829 2235 Alg.
875 2183 1062 2225 exaravi.
1139 2182 1344 2224 Pluribus
1392 2183 1617 2236 speciebus

85 2249 332 2304 Mychodeae
363 2250 462 2291 dein
492 2251 686 2305 cognitis,
718 2252 920 2306 adparuit
956 2266 1088 2294 unam
1119 2266 1211 2294 esse
1241 2266 1338 2294 cum
1370 2256 1516 2294 nostro
1546 2252 1618 2293 Ac.

85 2317 292 2360 aciculari
337 2318 587 2371 identicam3
634 2324 676 2362 et
719 2321 991 2362 characteres
1036 2320 1348 2363 Acanthococci
1393 2320 1528 2363 nostri
1558 2321 1620 2361 ita

85 2400 235 2429 revera
281 2386 334 2428 ad
383 2386 660 2442 Mychodeam
706 2403 797 2431 esse
843 2389 1177 2431 transferendos.
1251 2389 1422 2443 Species
1475 2389 1619 2444 typica

86 2456 409 2506 Acanthococci,
441 2471 570 2510 quam
602 2461 750 2511 postea
781 2459 1026 2501 examinare
1064 2459 1196 2509 licuit,
1229 2458 1368 2500 nuclei
1400 2462 1619 2500 structura

86 2539 170 2566 non
210 2538 364 2578 parum
411 2524 582 2567 differre
614 2526 717 2567 mihi
749 2527 838 2568 visa
869 2531 944 2569 est.
978 2552 1028 2556 ——
1060 2526 1188 2568 Aliud
1233 2540 1366 2581 genus
1412 2530 1617 2577 nostrum,

86 2593 241 2636 habitu
272 2598 314 2635 et
345 2593 563 2648 paulisper
585 2598 804 2637 structura
826 2595 1026 2645 alienum,
1051 2595 1211 2649 species
1233 2595 1498 2637 intermediae
1522 2609 1618 2636 cum

88 2661 325 2717 Mychodea
355 2663 698 2717 conjungendum
736 2663 931 2706 suadent.
991 2663 1161 2718 Harvey
1206 2677 1377 2717 quoque
1422 2663 1489 2705 his
1533 2664 1618 2706 duo

87 2730 219 2772 habet
249 2744 420 2784 genera,
452 2745 584 2772 unum
615 2732 995 2782 Acanthococcum,
1034 2732 1103 2772 cui
1140 2731 1412 2773 characteres
1443 2730 1616 2785 Mycho-

88 2798 178 2840 deae
209 2799 292 2840 rite
323 2799 535 2852 expositos
567 2799 741 2854 adjecit3
773 2800 970 2850 alterum,
1004 2799 1298 2855 Mychodeam,
1331 2800 1398 2841 cui
1430 2803 1617 2842 structu-

88 2880 181 2908 ram
212 2867 466 2922 cystocarpii
496 2866 613 2909 haud
645 2868 752 2911 bene
782 2872 948 2911 naturae
979 2871 1286 2923 congruentem
1315 2868 1481 2911 tribuit,
