1762 3036
84 106 428 148 Callithamwfiow.
732 100 971 144 CERAMIEAE.
1574 100 1622 140 31

82 219 305 253 inchoantes
332 218 433 252 haud
460 218 659 255 haberem:
694 217 877 261 adspectu
904 218 942 248 et
968 213 1220 258 dispositione
1252 212 1536 257 sphaerosporas
1570 222 1628 244 re-

82 278 211 311 ferunt
229 297 272 302 —
291 277 423 321 quales
450 276 489 310 in
516 276 555 310 C.
576 275 728 310 Borreri
748 278 786 309 et
809 274 848 308 C.
868 274 1109 318 polyspcrmo
1136 271 1420 316 sphaerosporas
1447 269 1630 313 composi-

83 337 139 368 tas
167 334 359 368 dixerunt.

86 438 148 478 59.
181 436 225 478 C.
258 437 495 478 DAsYomEs
528 436 591 489 (J.
623 435 704 487 Aa.
750 437 892 484 mser.)
938 431 1089 472 fronde
1135 429 1419 472 crectiuscula
1465 428 1631 470 alterne

202 505 698 559 decomposito-pinnata
729 501 926 546 disticha,
950 514 1122 541 sursum
1145 501 1270 554 longe
1294 499 1513 549 corticata,
1537 497 1631 551 plu-

199 573 325 614 mulis
359 573 674 626 decompositis,
707 570 887 624 pinnula
908 569 1056 610 infima
1078 570 1219 622 pinnae
1242 567 1427 623 cujusvis
1449 580 1631 620 sequen-

199 643 316 683 tibus
363 641 520 695 aequali
566 645 642 681 aut
687 639 848 693 majore
894 638 1117 691 magisque
1163 636 1400 689 composita
1431 635 1633 677 deorsum

201 715 394 756 exeunte
429 709 723 763 superioribus
760 707 1026 760 simplicibus
1065 708 1141 746 aut
1178 704 1367 745 rachidis
1405 707 1528 757 parte
1562 717 1632 743 su-

200 793 349 832 prema
381 778 726 832 supereminente
764 777 806 816 in
844 775 1140 829 superioribus
1188 773 1445 814 nudiuscula
1490 773 1631 813 incur—

199 851 310 897 vata,
345 846 655 901 sphaerosporis
687 858 738 886 ex
760 844 980 885 terminali
1003 841 1187 884 articulo
1210 841 1399 895 pinnulae
1421 841 1630 890 formatis,

198 917 242 957 in
273 918 406 970 pinna
437 915 648 969 pluribus.

198 1012 236 1038 α.
271 996 466 1038 Clmsslense
487 995 667 1049 pinnula
689 995 837 1036 infima
858 994 1000 1047 pinnae
1032 990 1218 1047 cujusvis
1240 992 1520 1046 sequentibus
1542 1005 1633 1032 ma-

79 1066 178 1118 jore
210 1065 399 1119 magisve
432 1065 735 1117 decomposita,
769 1062 963 1104 articulis
996 1062 1208 1103 diametro
1240 1061 1602 1114 snblongioribus.

197 1149 236 1199 β.
271 1143 583 1200 Oalvform·emn
615 1143 795 1198 pinnula
818 1143 964 1184 infima
985 1144 1126 1196 pinntc
1149 1142 1333 1196 cujusvis
1356 1141 1634 1195 sequentibus

88 1214 348 1261 subminore„
381 1214 576 1255 articulis
607 1214 820 1255 diametro
853 1212 1194 1266 subaequalibus.

203 1295 312 1337 Hab.
346 1310 373 1334 α
405 1294 470 1335 Ad
501 1295 624 1336 littus
656 1294 868 1341 Chilense,
900 1295 930 1344 β
959 1293 1015 1334 ad
1047 1293 1340 1334 Californiam.

177 1375 283 1419 Tota,
310 1375 348 1409 ni
374 1374 497 1419 fallor,
524 1375 702 1418 disticha,
728 1377 788 1408 est
815 1373 921 1418 quasi
950 1374 988 1408 (ἲ.
1009 1373 1199 1418 Thyoides
1219 1373 1421 1417 corticata,
1440 1373 1526 1407 aliis
1546 1385 1635 1417 quo³

85 1443 155 1475 que
175 1432 339 1466 diversa.
388 1432 604 1466 Varietates
631 1432 701 1466 hoc
728 1432 809 1465 loco
842 1431 1056 1475 conjunctae
1083 1431 1137 1464 ita
1163 1430 1367 1464 simillimae
1394 1433 1435 1463 ut
1461 1430 1633 1465 diversas

86 1499 299 1533 proponere
325 1489 525 1531 noluerim,
552 1488 689 1522 fructu.
717 1500 795 1523 var.
822 1493 856 1532 β.
884 1489 1050 1522 nondum
1077 1488 1171 1521 mihi
1197 1487 1364 1533 cognito.
1401 1487 1483 1521 Una
1508 1491 1635 1522 tamen

87 1546 131 1579 ab
151 1541 292 1589 infinia,
320 1547 441 1580 altera
464 1546 693 1590 proveniens
714 1557 734 1579 a
753 1557 931 1590 suprema
948 1549 1056 1589 parte
1079 1544 1280 1578 Americae.
1316 1544 1404 1579 Var.
1424 1549 1458 1587 β.
1477 1545 1568 1578 mihi
1596 1548 1637 1579 ut

88 1602 182 1636 Call.
210 1603 417 1637 Pikeanum
440 1603 611 1645 juvenile
648 1603 764 1637 missa
800 1602 884 1636 fuit.
933 1603 965 1635 A
991 1601 1249 1646 descriptione
1276 1601 1501 1645 Harveyana
1525 1602 1635 1646 hujus

89 1660 229 1704 speciei
257 1663 387 1693 nostra
413 1663 540 1693 tamon
567 1660 724 1693 nimium
753 1659 909 1693 abludct
935 1670 1044 1702 quam
1072 1661 1113 1692 ut
1130 1658 1393 1703 Har-veyanam
1413 1659 1578 1703 speciem
1598 1659 1636 1691 in

88 1728 131 1750 ea
156 1727 416 1761 agnoscerem.
451 1717 591 1751 Nostra
617 1720 677 1750 est
701 1717 876 1761 plantula
902 1715 1172 1760 pulcherrima,
1198 1716 1304 1750 caule
1324 1727 1451 1750 crasso
1477 1728 1497 1749 a
1514 1727 1636 1749 ramu-

90 1774 137 1807 lis
165 1774 378 1808 articulatis
407 1774 544 1808 eximie·
572 1774 723 1809 diverso
749 1774 927 1819 insignis.

89 1856 154 1896 60.
186 1854 230 1896 C.
263 1868 524 1896 SOOPULORUM
564 1855 664 1908 (Ay.
709 1854 780 1908 Sp.
814 1855 884 1896 II.
907 1868 954 1907 2).
990 1856 1089 1910 1430)
1127 1853 1354 1896 frondibus
1392 1854 1637 1907 caespitoso-

205 1924 467 1977 aggregatis7
501 1923 667 1965 alterne
707 1923 1223 1977 decomposito-pinnatis,
1257 1936 1283 1963 a
1312 1923 1404 1964 basi
1435 1923 1639 1964 articula-

202 1992 269 2040 tis,
303 1992 434 2033 ramis
467 1992 744 2034 inferioribus
782 2005 1129 2046 quoquoversum
1169 1991 1503 2044 egredientibus,
1543 1991 1638 2044 plu-

204 2061 331 2103 mulis
362 2062 626 2104 subdistiche
658 2062 860 2115 pinnatis,
892 2062 1035 2114 pinnis
1067 2061 1335 2114 simplicibus
1367 2065 1442 2102 aut
1473 2075 1639 2102 sursum

204 2131 388 2172 secunde
419 2131 662 2184 pectinatis‚
697 2131 1010 2184 spliaerosporis
1056 2131 1260 2172 interiore
1305 2130 1442 2172 latere
1487 2131 1639 2184 pinna-

208 2214 304 2240 rum
335 2200 544 2242 secundis.
576 2201 621 2242 J.
653 2201 734 2254 Ay.
770 2200 843 2253 Sp.
867 2215 914 2253 p.
948 2202 1013 2241 47.
1063 2201 1192 2241 Krete.
1232 2201 1313 2242 tab.
1365 2200 1493 2253 Phys.
1552 2199 1638 2241 Vol.

211 2266 296 2309 XI.
327 2269 410 2310 tab.
442 2270 510 2310 70.
544 2267 587 2311 C.
621 2283 786 2311 rosemn
817 2273 935 2311 tenue
969 2269 1130 2322 meyb.
1155 2268 1304 2328 ¹Hydr.
1330 2267 1448 2310 Dum.
1471 2269 1552 2310 tab.
1575 2269 1639 2310 39.

359 2337 409 2378 In
440 2337 609 2379 Oceano
641 2337 858 2379 Atlantico
890 2351 916 2378 a
947 2337 1121 2378 Foerois
1153 2350 1290 2390 usque
1321 2337 1377 2378 ad
1399 2336 1573 2390 Tingim
1595 2338 1640 2377 in

624 2406 955 2448 mediterraneo.

95 2557 172 2591 GOa.
202 2555 241 2589 C.
269 2566 461 2589 HlRTELLUM
486 2555 658 2598 (Zanard
683 2555 832 2590 Gallim.
854 2566 894 2600 p.
922 2556 995 2600 10.)
1022 2554 1097 2589 filis
1125 2553 1369 2599 capillaribus
1389 2564 1502 2597 parce
1520 2564 1639 2587 ramo-

187 2613 237 2646 sis
264 2612 477 2657 caespitosis
503 2612 672 2657 pinnatis
699 2624 831 2647 versus
859 2612 1004 2657 apicem
1031 2609 1494 2656 corymboso-fastigiatis,
1512 2610 1640 2654 pinnis

186 2672 347 2706 alternis
375 2671 644 2713 subfiexuosis3
672 2671 845 2706 articulis
871 2671 1064 2717 primariis
1083 2671 1269 2705 diametro
1288 2669 1442 2714 3—4plo
1461 2669 1640 2715 longiori-

186 2729 270 2772 bus,
296 2728 441 2762 ultimis
470 2728 656 2763 diametro
682 2729 785 2773 2—plo
817 2728 1074 2775 longioribus;
1112 2727 1287 2761 utriculis
1325 2726 1522 2771 sporiferis
1561 2737 1641 2760 cre-

187 2786 364 2820 berrimis
391 2785 438 2819 ad
455 2786 554 2819 latus
572 2786 767 2820 internum
785 2786 1027 2830 pinnularum
1048 2785 1280 2819 secundatis.
1299 2784 1334 2819 J.
1354 2785 1426 2828 Ay.
1447 2784 1511 2829 Sp.
1526 2795 1566 2829 22-
1584 2785 1641 2819 47.

362 2842 419 2876 Ad
444 2842 683 2876 Dalmatiam.
