1757 3114
82 136 163 178 688

81 249 138 290 ad
167 261 263 302 pag.
296 247 376 288 236
408 247 623 288 inseratur
653 238 703 286 ut
732 256 841 284 nova
872 241 1003 283 sectio
1035 240 1407 283 CALLOPHYLLIDls:

79 350 149 392 IV.
185 349 354 392 Fronde
374 348 517 402 plana
550 346 810 388 decumbente
832 343 1306 395 dichotomo-Zaoiniatm
1328 343 1502 385 laciniis
1522 342 1618 384 snb-

195 417 429 460 linearibns
464 415 723 469 flabellatz‘m
768 413 972 466 expansis
1002 415 1039 453 et
1077 425 1213 465 snpra
1257 411 1489 465 inferiores
1511 424 1616 464 pro-

193 485 487 534 cumbentibus,
534 497 626 525 enm
670 483 738 524 his
783 485 821 522 et
856 481 1010 522 vic-inis
1048 480 1206 521 sensim
1251 479 1617 528 concrescentibus,

193 554 472 609 cystocarpiis
489 552 604 594 disco
617 550 798 605 frondis
818 549 1033 590 immersis
1054 548 1120 590 hie
1135 548 1226 590 illic
1242 548 1615 590 numerosioribus.

86 662 147 702 17.
179 659 223 699 C.
256 671 510 701 cENTRIrUGA
542 656 609 711 (J.
641 657 723 710 Ay.
755 656 900 710 mser.)
937 654 1102 696 frondis
1132 654 1331 708 peltatim
1369 653 1505 695 affixae
1544 653 1616 694 de-

195 728 436 770 cumbentis
482 724 720 778 centrifuge
765 723 1042 765 increscentis
1087 726 1210 776 parte
1248 722 1429 764 centrali
1459 722 1613 763 latiore

195 795 503 850 subpalmatim
548 794 763 841 laciniata,
812 792 1031 845 superiore
1078 790 1407 832 subdichotoma
1451 790 1616 831 laciniis

196 877 328 918 supra
359 863 512 905 axillas
543 861 832 903 acutiusculas
864 873 1019 913 parum
1057 859 1254 900 discretis
1285 858 1616 908 sublinearibus,

193 933 361 975 extimis
393 930 728 985 angustioribus,
762 928 959 970 omnibus
990 926 1242 969 flabellatiin
1265 926 1463 980 expansis
1485 939 1616 979 supra

193 1001 419 1042 inferiores
450 997 846 1053 procumbentibus,
879 1010 975 1037 cum
1006 996 1071 1036 his
1093 999 1135 1037 et
1157 995 1305 1036 vicinis
1327 995 1483 1036 sensim
1516 1008 1614 1035 con-

194 1070 496 1116 crescentibus
536 1067 812 1122 cystocarpiis
845 1066 960 1107 disco
993 1064 1157 1106 frondis
1188 1063 1399 1105 immersis
1430 1063 1497 1104 hic
1529 1063 1615 1103 illic

194 1138 573 1180 numerosioribus.

345 1208 453 1249 Hab.
486 1206 540 1248 ad
572 1219 670 1247 oras
702 1204 829 1246 Novae
862 1203 1095 1245 Zelandiae:
1128 1201 1366 1255 Berggren!

171 1301 291 1334 Frons
318 1297 484 1333 recentis
512 1297 712 1331 evidenter
738 1295 982 1338 decumbens,
1010 1304 1124 1338 supra
1149 1292 1288 1326 callum
1314 1291 1518 1325 radicalem
1537 1291 1616 1335 pel-

80 1358 191 1393 tatim
218 1368 395 1402 expansa,
421 1354 570 1389 laciniis
597 1364 899 1398 quoquoversum
926 1350 1178 1394 radiantibus,
1211 1349 1424 1384 lateraliter
1449 1348 1615 1382 flabella-

81 1416 144 1459 tis,
171 1415 255 1449 aliis
283 1412 541 1458 superioribus
570 1422 683 1456 supra
707 1409 908 1444 inferiores
927 1408 1157 1443 imbricatim
1177 1405 1616 1452 superincumbentibus,

81 1484 164 1506 oum
189 1471 249 1506 his
277 1473 314 1505 et
341 1469 476 1505 vicinis
503 1468 708 1511 cono-etis,
733 1468 787 1501 ita
812 1470 854 1501 ut
880 1465 1088 1510 specimina
1116 1464 1178 1499 vix
1202 1463 1275 1498 nisi
1313 1463 1516 1497 dilacerata
1555 1474 1617 1495 ex-

81 1530 307 1575 pandantur.
344 1527 434 1561 Pars
462 1525 641 1561 centralis
668 1536 769 1558 nunc
795 1523 946 1558 omnino
973 1522 1152 1564 indivisa,
1178 1533 1277 1555 nunc
1303 1520 1341 1554 in
1368 1519 1524 1554 lacinias
1544 1518 1618 1552 ima

81 1590 228 1620 tantum
254 1585 335 1619 basi
361 1584 600 1618 cohaerentes
637 1592 774 1626 paucas
812 1580 914 1622 fissa,
952 1578 1099 1613 laciniis
1138 1578 1196 1612 his
1237 1588 1351 1622 supra
1388 1587 1512 1610 aream
1538 1575 1616 1609 fere

80 1643 323 1678 reniformem
351 1652 499 1675 sursum
527 1638 792 1684 subpalmatim
820 1635 972 1675 divisis;
1013 1638 1212 1681 segmenta
1239 1634 1434 1679 superiora
1469 1633 1547 1667 fere
1574 1632 1617 1667 li-

78 1700 220 1743 nearia,
246 1699 457 1733 2—3lineas
495 1698 572 1732 lata
598 1700 637 1731 et
674 1706 787 1740 supra
824 1694 958 1728 axillas
996 1683 1249 1728 acutiusculas
1286 1704 1418 1737 parum
1455 1691 1617 1725 invicem

79 1756 333 1802 divergentia,
360 1754 501 1790 extima
525 1753 768 1788 inferioribus
796 1751 937 1787 sensim
964 1750 1201 1797 angustiora3
1228 1748 1444 1784 terminalia
1469 1749 1615 1783 obtusa.

79 1815 272 1860 Margines
298 1814 514 1857 inferiores,
540 1812 603 1846 ubi
630 1813 880 1846 concrescunt
905 1808 1069 1852 laciniae‚
1103 1811 1191 1842 sunt
1225 1807 1425 1841 incrassati
1452 1805 1617 1849 inaequa-

78 1874 148 1916 les,
174 1872 352 1907 dentibus
378 1871 525 1905 ciliisve
563 1869 727 1915 propriis
765 1867 893 1902 nullis.
944 1865 1189 1910 Cystocarpia
1226 1867 1314 1898 sunt
1351 1875 1419 1908 per
1443 1862 1617 1896 frondem

81 1942 225 1975 sparsa,
251 1941 372 1973 neque
400 1928 544 1962 discum
572 1937 693 1970 neque
719 1924 910 1969 margines
949 1922 1141 1967 praecipue
1179 1920 1415 1965 occupantia,
1454 1920 1519 1953 sed
1557 1919 1618 1952 liic

79 1988 158 2022 illic
183 1988 293 2032 plura
318 1986 612 2030 subaggregata‚
638 1983 740 2017 inter
765 1984 963 2025 utramque
982 1979 1126 2013 frondis
1153 1978 1329 2024 paginam
1348 1977 1520 2019 formata,
1539 1975 1617 2009 fere·

80 2045 258 2088 utrinque
297 2054 401 2087 aeque
428 2041 654 2086 prominula.
705 2039 872 2074 Stratum
910 2037 1072 2071 interius
1110 2035 1219 2080 quale
1256 2034 1296 2068 in
1330 2032 1618 2077 Callopbyllidis

81 2102 278 2147 speciebus
306 2100 390 2134 aliis
417 2098 509 2134 vidi:
536 2097 715 2132 corticale
746 2100 862 2130 tenue
899 2096 1050 2129 constat
1086 2091 1234 2126 cellulis
1262 2091 1324 2125 vix
1350 2090 1388 2124 in
1414 2089 1478 2123 fila
1504 2088 1618 2124 verti-

80 2157 175 2192 calia
211 2156 365 2202 propria
400 2153 624 2199 conjunctis.
682 2153 793 2187 Color
829 2151 1025 2186 coccineus
1064 2146 1364 2193 pulcherrimus3
1404 2146 1616 2180 substantia

82 2225 251 2258 carnosa,
277 2214 419 2249 chartae
447 2211 659 2246 arctissime
687 2210 870 2244 adhaeret.

172 2271 279 2305 Inter
306 2270 451 2315 species
480 2271 592 2303 antea
618 2266 791 2312 cognitas
819 2265 858 2300 C.
887 2264 1093 2309 variegatae
1113 2262 1240 2297 forsan
1262 2260 1444 2306 proxima.
1472 2260 1618 2294 Praeter

81 2328 277 2363 crescendi
302 2327 468 2369 modum,
494 2337 603 2369 quem
624 2324 662 2359 C.
682 2322 907 2367 centrifugae
934 2318 1285 2355 characteristicum
1311 2317 1471 2360 credidi,
1498 2317 1618 2361 speci-

80 2386 182 2419 mina
207 2384 476 2419 Herbariorum
502 2382 778 2426 dignoscantur
802 2377 1075 2413 ramificatione
1102 2375 1221 2420 magis
1249 2375 1466 2411 dichotoma
1490 2373 1618 2408 flabel-

81 2443 169 2485 lata,
189 2442 368 2477 dentibus
388 2439 611 2475 lateralibus
638 2437 841 2483 pinnisque
858 2435 974 2469 nullis
993 2433 1031 2467 in
1051 2436 1199 2473 nostra;
1219 2432 1339 2477 magis
1366 2430 1403 2465 in
1423 2431 1617 2475 pinnatam

81 2500 244 2534 abeunte
281 2499 319 2533 in
359 2498 397 2533 C.
437 2496 631 2542 variegata
670 2495 716 2530 ob
755 2493 890 2528 dentes
928 2494 966 2526 et
992 2489 1160 2525 fimbrias
1187 2500 1268 2533 quae
1306 2488 1346 2522 in
1384 2487 1519 2532 pinnas
1554 2497 1617 2520 ex—

81 2559 268 2591 crescunt.

85 2651 147 2689 18.
179 2648 222 2689 C.
256 2660 497 2689 DECUMBENS
529 2645 596 2700 (J.
628 2646 710 2698 Agl.
741 2644 887 2695 mser.)
915 2640 1079 2682 frondis
1102 2640 1234 2694 (inter
1255 2638 1384 2693 alias)
1406 2637 1616 2678 intricatae

195 2716 487 2758 decumbentis
518 2714 756 2767 centrifuge
788 2710 1063 2753 increscentis
1095 2708 1292 2762 partibus
1324 2705 1617 2747 anterioribus

197 2784 544 2829 subdichotomis,
585 2781 749 2823 laciniis
787 2793 916 2833 supra
957 2777 1110 2818 axillas
1152 2789 1263 2828 saepe
1299 2775 1618 2828 patentissimas

197 2853 293 2906 plus
324 2853 464 2893 minus
495 2849 829 2902 divergentibus,
862 2846 1031 2888 extimis
1063 2843 1389 2892 sublatioribus‚
1421 2841 1618 2884 omnibus
