1757 3114
139 90 219 130 442
710 86 1113 129 SPHAEaococconnffi.
1332 88 1664 141 Sphaerococcus.

229 200 283 236 St.
311 201 555 244 Sonderiana‚
580 202 623 234 ut
646 200 743 234 hanc
768 200 860 234 mihi
894 200 1087 245 cognitam
1118 199 1250 245 habeo,
1277 212 1297 235 a
1321 199 1511 245 prioribus
1538 198 1666 233 differt

138 257 423 293 ramificationis
450 258 678 302 differentia,
705 259 831 293 verbis
865 268 967 302 aegre
1001 256 1257 301 exprimenda.
1293 257 1431 293 Rachis
1457 257 1558 290 inter
1582 256 1664 301 pin-

139 325 206 349 nas
231 315 399 350 flexuosa
423 314 528 359 apice
554 314 632 349 fere
657 316 696 349 in
722 316 936 360 corymbum
963 315 1165 359 pinnarum
1197 315 1368 348 solvitur.
1415 313 1546 347 Pinnae
1583 313 1665 348 basi

139 371 290 416 quidem
328 372 525 406 evidenter
561 373 792 416 constrictae,
827 374 865 405 at
889 371 953 406 vix
978 371 1017 405 in
1041 370 1224 415 petiolum
1249 370 1535 406 teretiusculum
1560 372 1602 404 ut
1626 369 1664 403 in

139 428 327 474 prioribus
353 431 573 472 contractae,
599 433 687 464 sunt
711 428 959 474 patentiores.
1009 427 1117 463 Rami
1142 427 1341 462 inferiores
1368 430 1457 462 sunt
1481 427 1520 461 in
1546 427 1665 461 exsic—

140 489 223 521 cata
265 486 479 520 evidentius
517 487 669 531 costati,
706 486 920 531 superiores
958 485 1061 530 plani
1097 486 1202 520 nullo
1238 485 1318 519 fere
1354 485 1496 520 indicio
1534 487 1662 519 costae.

140 542 386 587 Cystocarpia
409 543 634 589 marginalia
659 543 811 588 seriata,
837 554 857 577 a
881 543 1086 578 denticulis
1118 542 1406 588 marginalibus,
1440 546 1483 577 ut
1515 541 1664 577 videtur

139 599 419 635 transformata.

139 764 238 814 (ῚΧο
276 765 678 822 SPHAEROOOCCUS
715 774 838 818 ἄνευ.
885 773 981 827 Azy.
1027 774 1142 817 Brit.
1178 789 1226 828 p.
1261 774 1349 815 137.
1395 774 1441 817 J.
1475 774 1556 829 Ay.
1591 775 1664 828 Sp.

244 858 288 897 p.
323 844 416 885 642.
449 843 574 898 (excl.
606 846 696 898 sp).

135 949 272 991 Frons
303 949 951 1003 membranaceo·cartilaginea,
983 947 1261 989 teretiuscula
1291 951 1366 989 aut
1386 961 1554 1001 anceps,
1586 948 1664 989 im-

244 1031 383 1060 merse
414 1021 595 1069 costata,
625 1018 785 1072 triplici
807 1021 943 1058 strato
966 1016 1220 1066 constituta3
1252 1019 1371 1057 costa
1394 1029 1420 1057 a
1440 1016 1544 1057 tubo
1567 1030 1664 1057 cen-

244 1088 356 1139 trali,
388 1087 471 1129 filis
503 1087 712 1141 elongatis
743 1087 986 1129 articulatis
1029 1086 1159 1127 dense
1204 1085 1374 1139 stipato,
1421 1089 1662 1136 constante3

245 1159 380 1198 strato
411 1156 666 1198 intermedio
697 1155 862 1197 cellulis
892 1154 1154 1205 rotundatis3
1185 1153 1453 1209 peripherico
1485 1154 1664 1195 vertica-

248 1225 362 1267 libus
391 1225 569 1266 minutis
600 1226 643 1266 in
674 1224 749 1266 fila
793 1223 1100 1266 moniliformia
1145 1223 1409 1265 subseriatis.
1470 1220 1665 1266 Coccidz‘a

244 1294 289 1335 in
319 1294 428 1335 ciliis
459 1293 775 1347 marginalibus
807 1292 979 1348 singula
1016 1295 1282 1343 mucronata,
1321 1291 1436 1332 intra
1473 1291 1663 1344 pericar-

245 1363 366 1417 pium
396 1361 663 1413 cellulosum,
695 1363 868 1405 demum
898 1362 1186 1416 carpostomio
1224 1363 1435 1414 apertum,
1466 1360 1664 1402 nucleum

245 1431 481 1485 simplicem
527 1430 734 1483 foventia3
780 1432 984 1485 placenta
1029 1430 1191 1473 basalis
1222 1428 1388 1471 cellulis
1420 1429 1546 1471 strati
1576 1444 1663 1471 me-

245 1500 429 1544 dullaris
461 1504 674 1553 contexta,
698 1515 724 1543 a
744 1503 901 1544 vertice
932 1505 975 1543 et
1003 1501 1213 1543 lateribus
1243 1499 1317 1541 fila
1339 1499 1662 1554 gemnfidiifera,

245 1571 334 1611 ima
362 1570 458 1612 basi
490 1569 838 1621 subfasciculata,
870 1570 969 1612 dein
1001 1574 1094 1612 tota
1123 1569 1301 1610 invicem
1322 1567 1460 1609 libera
1481 1567 1663 1610 subsim-

242 1638 386 1693 plicia,
416 1653 549 1693 supra
579 1639 768 1693 stipitem
799 1643 971 1681 tenuem
1002 1637 1278 1680 articulatum
1324 1636 1503 1687 clavata,
1535 1636 1662 1678 susti-

243 1721 368 1759 nens;
415 1708 646 1761 gemmidia
690 1709 734 1749 in
779 1708 974 1750 articulis
1019 1705 1316 1749 terminalibus
1362 1704 1518 1758 saepius
1562 1704 1664 1746 bina

244 1776 650 1831 obovato-oblonga,
682 1777 838 1818 emissa
868 1776 1114 1819 rotundata.
1158 1774 1473 1828 Sphaerosporae
1499 1772 1663 1814 ”frondi

248 1846 460 1887 immersae
492 1858 653 1899 sparsae
686 1845 873 1887 zonatim
904 1843 1086 1886 divisae.'’

245 1948 341 1990 Fila
371 1947 686 2002 gemmidiifera
715 1949 757 1989 in
789 1947 1095 2002 Sphaerococco
1135 1946 1189 1988 ad
1221 1946 1402 1987 eundem
1433 1948 1582 2000 typum
1614 1959 1663 1987 ac

131 2018 176 2059 in
208 2016 449 2059 Generibus
480 2016 560 2057 hoc
598 2016 690 2057 loco
736 2015 935 2058 affinibus
979 2014 1260 2057 consideratis
1306 2013 1499 2056 confecta
1545 2017 1661 2065 sunt3

132 2087 219 2128 ima
250 2085 453 2127 nimirum
483 2084 577 2127 basi
608 2084 894 2126 fasciculatim
916 2085 1154 2138 conjuncta,
1177 2083 1275 2125 dein
1298 2083 1509 2136 simplicia
1530 2096 1662 2136 supra

132 2155 323 2209 stipitem
367 2158 539 2195 tenuem
585 2153 861 2195 articulatum
905 2154 1091 2203 clavata;
1136 2154 1433 2194 maturescunt
1475 2165 1574 2193 vero
1618 2152 1661 2193 in

133 2223 437 2278 Sphaerococco
483 2221 610 2263 simul
655 2221 887 2275 gemmidia
931 2221 1114 2274 gemina,
1154 2221 1199 2261 in
1229 2218 1412 2261 articulo
1443 2220 1661 2261 terminali

132 2292 255 2334 initio
285 2295 334 2333 ut
364 2291 534 2333 videtur
564 2291 804 2344 conjuncta,
852 2289 1171 2331 articulationis
1215 2289 1329 2331 linea
1358 2288 1533 2343 hyalina
1562 2288 1660 2330 dein

133 2361 313 2403 invicem
358 2361 572 2413 separata,
618 2357 820 2399 inferiore
866 2358 988 2399 initio
1041 2357 1219 2408 clavato,
1266 2357 1485 2411 superiore
1531 2370 1661 2410 supra

134 2433 381 2472 truncatam
401 2428 525 2470 basin
545 2427 683 2481 magis
705 2426 1109 2480 obovato-oblongo.
1148 2425 1239 2467 Hoc
1261 2425 1401 2467 stadio
1431 2425 1662 2478 gemmidia

135 2498 259 2552 quasi
289 2510 432 2538 massa
461 2495 694 2550 granulosa
732 2495 1065 2546 constituuntur,
1097 2508 1123 2535 a
1154 2497 1359 2536 contentu
1397 2494 1660 2547 homogeneo
1706 2536 1708 2538 ,

135 2565 416 2608 articulorum
446 2563 697 2605 inferiorum
738 2567 806 2605 sat
842 2562 1056 2603 distincta.
1115 2561 1285 2603 Emissa
1315 2560 1544 2614 gemmiclia
1574 2560 1660 2603 for-

135 2648 250 2676 mam
279 2632 559 2676 rotundatam
591 2646 689 2674 mcx
720 2643 938 2673 assumere
969 2630 1180 2671 videntur.

138 2741 173 2780 1.
205 2738 300 2780 SPH.
331 2750 676 2779 cononomromus
706 2736 858 2787 (Good.
890 2739 929 2777 et
966 2734 1032 2778 W.
1063 2736 1108 2776 ἔοι
1141 2735 1240 2776 Lim.
1277 2732 1348 2775 Tr.
1381 2732 1473 2774 III
1488 2746 1536 2784 p.
1560 2732 1659 2788 185)

248 2805 399 2848 fronde
431 2804 612 2848 distiche
643 2802 1213 2857 dichotomo-decomposita,
1246 2800 1475 2856 segmentis
1498 2799 1658 2854 ancipi-
