1757 3114
60 147 64 158 ¹
81 136 393 180 Meo-istotheea.
747 139 987 182 SOLIERIEAE.
1527 143 1614 194 ‚583

81 250 282 293 dentibus
313 254 355 293 et
384 251 568 305 papulis,
602 253 758 306 quibus
789 251 908 295 frons
939 253 1112 295 demum
1151 255 1292 297 obsita
1321 254 1382 305 fit,
1415 255 1613 309 quaedam

80 333 251 373 quoque
296 333 393 360 cum
439 319 730 362 Eucheumate
769 322 891 362 adest
936 322 1149 376 analogia.
1212 323 1307 365 Situ
1352 324 1613 377 cystocarpi-

80 402 203 429 orum
254 388 527 443 Kallymenia
571 394 613 431 et
660 390 914 444 Halymenia
967 391 1195 443 abludunt,
1250 392 1367 433 velut
1411 391 1614 445 penitiori

79 459 300 498 structura
331 458 470 499 nuclei
501 458 732 500 admodum
764 458 982 500 differunt.
1043 459 1193 511 Quoad
1224 460 1505 515 cystocarpia,
1536 473 1612 514 pa-

77 525 183 566 riter
230 525 493 567 subexterna
537 531 579 568 et
623 528 668 568 in
712 528 999 581 processubus
1046 528 1139 579 sita,
1189 542 1285 569 cum
1316 528 1612 569 Eucheumate

75 593 345 646 potissimum
391 596 587 636 convenit
632 595 949 637 Meristotheca.
1010 596 1216 638 Placenta
1260 596 1465 638 centralis
1511 596 1611 638 sub-

75 660 336 702 reticulatim
387 676 570 715 ramosa,
622 664 705 706 filis
765 664 1014 707 subcoalitis
1068 679 1211 707 ramos
1258 666 1466 719 placentae
1511 664 1611 706 hinc

69 729 241 783 junctos
268 729 386 772 1111110
408 736 630 785 separatos
662 732 970 784 formantibus3
1003 734 1238 775 exteriores
1270 735 1379 775 rami
1401 734 1611 788 placentae

74 799 353 840 circumcirca
382 799 457 840 fila
487 801 801 853 gemmidiifera
831 801 1019 855 plurima
1039 801 1292 844 fasciculata
1313 806 1355 844 et
1376 802 1610 856 fastigiata,

73 866 364 920 peripheriam
395 883 543 910 versus
575 870 804 920 radiantia,
845 871 1026 911 invicem
1066 870 1205 912 libera
1243 871 1465 922 emittunt3
1497 871 1611 913 inter

71 935 299 977 fasciculos
330 936 494 978 fertiles
525 937 600 978 fila
621 938 785 980 sterilia
807 938 861 979 ad
883 938 1056 992 plexum
1078 940 1339 980 ambientem
1362 945 1610 991 excurrunt,

72 1004 214 1057 quasi„
227 1004 444 1046 nucleolos
476 1005 655 1046 invicem
689 1007 947 1060 separantia.
1010 1007 1198 1049 Nucleus
1235 1008 1297 1048 ita
1334 1009 1609 1062 compositus,

71 1073 259 1127 cingitur
289 1073 418 1127 plexu
448 1075 671 1128 peculiari,
705 1076 819 1129 quod
842 1075 924 1118 filis
946 1076 1178 1118 admodum
1210 1077 1353 1119 densis
1385 1078 1609 1119 constitui-

69 1145 153 1182 tur.
195 1142 332 1184 Extra
363 1143 442 1184 hoc
474 1147 613 1185 strata
635 1144 801 1187 frondis
834 1145 993 1187 sterilis
1023 1159 1330 1199 recognoscere
1361 1146 1472 1188 licet.
1514 1146 1608 1187 Fila

69 1211 387 1264 gemmicliifera
418 1213 598 1254 invicem
630 1213 780 1265 libera,
813 1215 856 1255 in
888 1214 1080 1255 articulis
1119 1215 1422 1257 terminalibus
1460 1228 1607 1256 ramu-

65 1279 206 1320 lorum
238 1281 470 1333 gemmidia
509 1281 681 1335 singula
718 1283 873 1324 fovent.
903 1309 959 1314 -—
990 1285 1024 1324 A
1056 1284 1299 1337 generibus,
1340 1297 1435 1337 quae
1468 1288 1606 1324 struc-

65 1350 165 1389 tura
218 1350 493 1391 conveniente
548 1352 916 1405 cystocarpiorum
968 1352 1162 1405 proxime
1209 1351 1355 1392 affinia
1398 1353 1604 1405 suspicor,

64 1417 377 1471 Sphaerosporis
411 1420 635 1461 cruciatim
667 1420 814 1462 divisis
845 1421 1152 1463 Meristotheca
1184 1421 1340 1463 differt.

68 1535 103 1574 1.
136 1534 191 1575 M.
226 1534 487 1576 NA'rALnNsis
520 1535 587 1589 (J.
620 1535 701 1589 Ay.
733 1539 877 1592 mser.)
908 1535 1059 1578 fronde
1091 1536 1224 1590 plana
1254 1536 1486 1579 latiuscula
1508 1540 1606 1579 sub-

176 1604 390 1656 pinnatim
422 1604 629 1645 laciniata
659 1608 701 1646 et
733 1620 758 1646 a
788 1606 982 1658 margine
1020 1605 1240 1659 prolifera‚
1279 1606 1603 1659 prolificationi-

177 1671 256 1713 bus
288 1672 774 1726 elliptico-spathulatis,
812 1687 933 1715 secus
970 1675 1187 1728 margines
1228 1675 1400 1716 demum
1438 1676 1603 1718 incras-

176 1741 280 1782 satis
312 1746 354 1782 et
385 1743 623 1784 tuberculis
653 1744 830 1784 minutis
862 1744 1025 1789 obsitisq
1059 1744 1271 1786 fructibus
1305 1779 1312 1786 .
1346 1778 1354 1786 .
1388 1779 1395 1786 .
1429 1779 1436 1786 .

326 1810 436 1854 Hab.
467 1811 522 1852 ad
554 1812 658 1853 Port
691 1812 829 1853 Natal.
862 1813 964 1867 (Hb.
996 1813 1033 1854 J.
1066 1813 1113 1855 E.
1145 1814 1318 1868 Grayl).

152 1890 427 1934 Fragmentum
454 1892 585 1926 sterile
606 1895 753 1927 tantum
775 1892 852 1926 vidi
870 1893 1014 1937 formae,
1035 1897 1075 1927 ut
1096 1893 1261 1936 videtur,
1282 1893 1600 1929 distinctissimae.

62 1946 227 1981 Laciniae
256 1948 417 1991 majores
444 1949 483 1983 in
511 1953 643 1982 nostra
669 1954 757 1983 sunt
794 1950 1099 1994 pluripollicares
1133 1955 1171 1984 et
1196 1951 1373 1995 pollicem
1401 1952 1506 1987 latae:
1532 1952 1600 1986 mi-

2 2038 10 2048 ,
62 2017 173 2039 nores
201 2005 416 2040 evidentius
444 2007 721 2050 prolificatione
749 2011 840 2041 ortae
869 2008 1052 2052 ellipticae
1080 2009 1247 2043 unciales
1275 2013 1313 2043 et
1331 2010 1513 2052 minores:
1540 2010 1599 2045 his

59 2062 142 2097 basi
168 2063 407 2109 prolongatis
434 2063 473 2098 in
498 2064 656 2097 ssu-mam
682 2064 1092 2109 lineari-spathulatam
1112 2067 1263 2101 abeunt.
1301 2067 1498 2101 Structura
1516 2079 1599 2102 cum

59 2120 142 2155 aliis
171 2121 368 2165 speciebus
396 2121 681 2156 Meristothecae
709 2123 913 2157 convenire
940 2123 1105 2157 videtur.

148 2179 207 2211 An
232 2179 342 2223 hujus
371 2180 541 2222 quaedam
570 2184 672 2214 esset
709 2180 871 2214 affinitas
910 2193 992 2214 cum
1032 2181 1210 2216 Chondro
1248 2183 1448 2227 agathoico
1485 2182 1596 2216 Kiitz.

21 2270 23 2272 ,
58 2235 149 2277 (tab.
176 2235 289 2279 Pleyc.
324 2236 401 2270 Vol.
429 2235 558 2270 XVII
578 2237 648 2271 tab.
675 2238 749 2282 54),
777 2238 839 2281 qui
867 2249 886 2271 a
913 2239 1037 2283 specie
1063 2238 1392 2273 Lamourouxiana
1428 2240 1597 2284 ejusdem

58 2291 220 2326 nominis
250 2292 330 2326 sine
357 2293 471 2328 dubio
498 2293 638 2328 differt.
675 2295 763 2329 leon
790 2295 1043 2340 Kiitzingiana
1070 2299 1197 2330 tamen
1225 2300 1455 2331 structuram
1482 2297 1595 2331 Meri-

58 2349 242 2384 stothecae
268 2350 369 2384 haud
394 2351 490 2385 bene
516 2351 646 2387 refert.

57 2456 94 2496 2.
126 2454 182 2495 M.
215 2469 448 2497 'rAsMANmA
479 2457 545 2510 (J.
578 2457 658 2509 Ass.
691 2462 833 2510 mser.)
879 2459 1030 2501 fronde
1077 2460 1208 2513 plana
1247 2460 1488 2502 dichotome
1520 2464 1595 2502 aut

170 2524 462 2576 subpinnatim
495 2524 699 2567 laciniata
731 2531 773 2568 et
793 2541 819 2568 a
840 2528 1033 2579 margine
1065 2527 1282 2580 prolifera‚
1314 2527 1592 2581 prolificatio-

169 2591 295 2632 nibus
328 2606 459 2644 supra
491 2594 678 2646 stipitem
714 2595 1039 2636 teretiusculum
1062 2596 1459 2638 ‹*11neato÷dilatatis
1491 2598 1592 2639 sub-

169 2659 335 2700 alterne
353 2660 900 2715 dichotomo-pinnatifidis,
919 2663 1138 2705 laciniisve
1155 2663 1412 2706 lateralibus
1430 2665 1590 2719 abrup-

169 2730 222 2768 tis
254 2727 515 2781 adparenter
547 2733 695 2772 obtuse
727 2731 927 2782 dentatis,
960 2732 1125 2773 laciniis
1156 2733 1590 2777 cuneatis,te1·1ni11a-

166 2796 280 2838 libus
312 2797 487 2838 obtusis.

223 2864 334 2906 Hab.
367 2866 420 2907 ad
455 2866 613 2909 Orford
644 2867 884 2910 Tasmaniae
917 2869 1028 2911 Dxna
1060 2870 1291 2913 Meredith!
