1757 3114
155 100 237 141 424
701 98 1121 140 SPHAEROCOCOOIDEAE.
1418 99 1681 143 Gracilaria.

269 213 467 255 frondem
512 212 684 266 sparsis.
730 211 775 254 J.
807 210 889 264 Ay.
925 211 996 264 Sp.
1019 225 1066 264 p.
1099 214 1190 255 602.
1233 214 1438 267 Rhodym.
1462 227 1683 266 purpura-

267 295 387 324 scens
421 280 558 322 Harv.
590 279 689 332 Azy.
724 277 834 332 Ceyl.
865 292 935 321 nso
968 279 1054 320 96?
1086 280 1252 324 Formae
1284 286 1404 327 sunt:

156 389 194 415 a.
227 386 415 414 LINEAms
447 370 598 412 fronde
630 370 761 424 plana
781 371 936 412 lineari
958 370 1458 426 dichotomo-fastigiata.
1491 386 1685 427 segmen-

267 441 322 482 tis
354 440 531 481 obtusis.

156 535 191 576 h.
222 534 538 575 RAMALINOIDES
570 531 721 574 fronde
752 531 1037 586 irregularius
1070 532 1327 579 dichotoma.
1360 534 1591 587 segmentis
1616 548 1685 574 su-

268 601 511 655 perioribus
549 601 818 655 prolongatis
855 601 1172 654 angustissimis
1212 601 1563 655 subancipitibus‚
1597 602 1687 655 api—

268 670 385 711 cibus
416 670 686 712 acutissimis.
721 670 824 712 Fuc.
858 669 1134 712 Lichenoz'des
1168 670 1273 723 Esp.
1308 671 1389 712 tab.
1423 671 1488 712 50.

420 737 530 780 Hab.
566 738 608 779 in
641 751 800 779 oceano
830 737 976 778 Indico
1008 741 1050 779 et
1081 739 1191 779 mari
1224 738 1368 780 rubro.

245 830 289 864 In
314 831 446 875 planta
470 830 587 864 citata
612 829 777 874 Harveyi
803 828 1041 874 cystocarpia
1067 828 1299 873 Gracilariae‚
1318 840 1387 863 nec
1406 829 1690 874 Rhodymeniae‚

156 887 249 923 vidi.

156 981 222 1021 30.
254 979 330 1021 GR.
363 993 550 1020 DENTATA
581 978 648 1032 (J.
681 979 762 1031 Ay.
797 978 867 1031 Sp.
882 992 928 1031 p.
952 978 1053 1034 603)
1085 978 1236 1020 fronde
1258 979 1597 1029 membranacea7
1621 994 1692 1022 ex-

269 1047 499 1089 siccatione
529 1045 905 1101 subcartilaginea,
928 1047 1201 1100 complanata
1222 1047 1478 1098 dichotoma,
1501 1062 1693 1102 segmen-

273 1116 330 1157 tis
365 1129 549 1169 superne
595 1115 867 1157 densioribus
913 1114 1251 1157 subflabellatim
1298 1116 1508 1169 expansis.
1556 1116 1694 1157 forma

272 1184 521 1231 linearibus.
555 1197 581 1225 a
611 1184 807 1237 margine
846 1184 1047 1235 dentatis,
1080 1185 1281 1226 dentibus
1311 1185 1565 1238 plerumque
1597 1199 1697 1226 acu-

274 1253 468 1301 tissimis,
502 1267 614 1293 nunc
645 1253 687 1293 in
718 1253 872 1306 pinnas
904 1254 1093 1295 minutas
1125 1254 1382 1307 marginales
1415 1255 1696 1295 excrescenti-

272 1322 366 1370 bus,
399 1321 596 1363 coccidiis
628 1321 964 1375 hemispliaericis
987 1322 1214 1376 apiculatis
1236 1322 1279 1363 in
1302 1322 1418 1363 disco
1440 1323 1697 1376 paginarum

271 1403 347 1443 per
379 1394 516 1431 totam
547 1389 744 1431 frondem
791 1390 965 1443 sparsis.
1016 1390 1176 1443 Sphoer.
1224 1391 1518 1444 olvssyacamhus
1567 1392 1697 1436 Kritz.

273 1458 356 1500 tab.
394 1457 528 1511 Plzryc.
572 1457 661 1500 Vol.
689 1457 878 1500 XVIII
895 1459 976 1499 tab.
1001 1459 1066 1500 87.
1102 1459 1201 1511 Sph.
1233 1459 1531 1513 ranffljerinus
1568 1460 1696 1501 Kz'itz.

273 1527 355 1568 tab.
392 1526 527 1580 Phyc.
571 1526 658 1567 Vol.
703 1525 885 1568 XVIII
924 1527 1006 1568 tab.
1047 1527 1112 1568 86.
1152 1527 1253 1580 (sec,
1295 1541 1355 1580 sp.
1397 1543 1448 1569 ex
1481 1528 1571 1569 eod.
1603 1527 1695 1569 loco

274 1594 443 1650 natali).

330 1663 442 1706 Hab.
474 1663 518 1704 in
549 1662 755 1704 atlantico
787 1663 991 1719 calidiore
1022 1663 1077 1704 ad
1109 1662 1440 1718 Senegambiam
1470 1668 1512 1706 et
1532 1663 1695 1706 insulas

485 1731 618 1773 Indiae
651 1731 939 1773 occidentalis.

162 1839 226 1879 31.
258 1838 333 1879 GR.
365 1849 646 1878 CORNICULATA
677 1834 758 1890 (R.
792 1835 873 1877 Br.
904 1840 1047 1889 mser.)
1085 1836 1237 1877 fronde
1276 1836 1693 1878 carnoso-membra-

274 1918 418 1950 nacea,
460 1905 744 1946 exsiccatione
777 1904 1155 1958 subcartilaginea,
1187 1909 1367 1958 anguste
1412 1904 1567 1946 lineari
1598 1905 1694 1958 plus

273 1975 415 2015 minus
460 1974 680 2014 evidenter
726 1973 1002 2027 complanata
1040 1977 1082 2014 et
1113 1987 1139 2014 a
1169 1974 1442 2027 submargine
1480 1974 1691 2026 pinnatim

272 2055 456 2089 ramosa,
489 2041 631 2093 pinnis
662 2042 939 2083 inferioribus
972 2041 1303 2094 simplicioribus
1350 2042 1502 2083 eximie
1542 2046 1691 2095 paten-

273 2110 402 2157 tibus,
435 2109 730 2162 superioribus
761 2110 899 2163 magis
931 2110 1176 2162 compositis
1215 2109 1559 2164 subcorymbosis
1594 2110 1690 2163 plus

272 2177 415 2219 minus
447 2177 781 2230 divergentibus,
813 2176 1001 2230 pinnulis
1033 2177 1244 2218 subulatis
1266 2182 1340 2218 aut
1363 2177 1690 2220 dentiformibus

271 2245 526 2300 plerumque
557 2245 709 2287 eximie
747 2246 894 2295 acutis,
934 2245 1130 2286 coccidiis
1171 2245 1507 2299 hemisphaericis
1546 2247 1690 2299 apicu-

271 2315 371 2356 latis
403 2315 447 2355 in
470 2314 584 2355 disco
607 2328 683 2367 per
704 2313 901 2355 frondem
933 2314 1115 2355 mediam
1150 2315 1323 2368 sparsis.
1355 2314 1400 2357 J.
1433 2315 1514 2369 Ag).
1550 2315 1620 2368 Sp.
1644 2330 1690 2368 p.

273 2384 366 2425 595.
402 2382 453 2425 F.
486 2382 770 2424 corniculatus
814 2382 867 2424 R.
916 2382 997 2424 Br.
1042 2385 1089 2425 in
1138 2383 1268 2424 Turn.
1318 2383 1434 2424 Hast.
1476 2383 1577 2424 Fue.
1609 2385 1690 2425 tab.

274 2453 366 2493 182.
415 2451 514 2504 Sph.
560 2451 809 2504 spinulosus
858 2451 986 2492 Katz.
1038 2451 1142 2493 Tab.
1192 2451 1320 2504 Phyc.
1380 2451 1467 2493 Vol.
1510 2451 1698 2494 XVIII

273 2521 355 2562 tab.
388 2519 468 2561 85?

425 2588 533 2630 Hab.
567 2588 621 2630 ad
654 2602 751 2630 oras
783 2587 911 2630 Novae
944 2588 1198 2630 Hollandiae.

252 2668 372 2702 Frons
399 2667 552 2702 videtur
588 2668 669 2702 basi
709 2667 952 2712 apicibusque
990 2667 1251 2711 tereffiuscula,
1288 2666 1411 2701 media
1447 2669 1554 2710 parte
1592 2678 1689 2701 com-

161 2736 305 2769 pressa,
331 2736 429 2758 nunc
456 2736 603 2768 quoquc
630 2725 769 2759 leviter
797 2724 1136 2759 subeanaliculata:
1171 2725 1337 2759 dissecta
1363 2727 1550 2758 monstrat
1575 2725 1688 2758 cellu-

160 2783 216 2815 las
241 2781 444 2815 interiores
482 2780 692 2815 directione
730 2781 831 2815 inter
867 2781 1057 2825 margines
1084 2783 1296 2827 elongatas,
1329 2791 1445 2824 qnare
1472 2780 1517 2814 ad
1544 2780 1688 2825 species

162 2839 418 2882 complanatas
444 2837 681 2872 referendam
708 2849 792 2872 esse
818 2837 1029 2882 suspicatus
1058 2850 1150 2873 sum.
1200 2839 1243 2872 In
1269 2836 1539 2882 speciminibus
1558 2848 1688 2882 capsu-
