1757 3114
131 158 370 214 Acrotgylus.
753 157 1052 198 CHAETANGIEAE.
1584 153 1660 194 541

128 275 264 316 Frons
295 272 695 327 compresso—plana
725 272 980 320 dichotoma,
1014 269 1161 310 stratis
1202 267 1369 310 duobus
1409 267 1663 308 constituta:

240 343 444 383 interiore
482 341 564 382 filis
602 340 840 382 laxioribus
880 337 1090 391 elongatis
1130 337 1309 378 ramosis
1346 338 1388 377 et
1419 340 1664 377 anastomo—

238 411 435 453 santibus
466 411 509 451 in
540 409 768 451 reticulum
799 406 1055 461 conjunctis3
1089 405 1300 446 exteriore
1328 402 1492 445 cellulis
1514 407 1664 444 rotun-

241 480 369 529 datis,
403 479 673 533 superficiem
705 491 853 520 versus
884 475 1123 518 minoribus
1155 473 1430 524 subradiatis,
1452 475 1662 514 contexto.

241 546 520 601 Cystoeaiffla
551 547 693 589 frondi
729 547 943 595 immersa,
977 548 1051 586 aut
1083 545 1199 584 intra
1229 543 1530 597 pericarpium,
1563 540 1663 582 sub-

237 615 548 669 hemispherice
569 614 871 669 prominulum,
895 612 1093 654 nucleum
1115 612 1330 654 ambiente
1347 611 1476 665 plexu
1492 608 1663 651 filorum

239 684 592 726 densissimorum
637 684 843 733 clausum,
883 681 1215 734 carpostomium
1260 694 1406 722 versus
1452 682 1662 733 apertum,

238 752 353 794 intus
399 766 561 803 cavum,
608 752 663 793 ad
694 752 879 805 parietes
910 750 1189 791 circumcirca
1234 748 1447 790 fasciculis
1491 747 1662 789 filorum

237 821 555 874 praegnantium
585 821 800 869 vestitum,
832 819 1039 869 foventia3
1072 817 1266 859 fasciculi
1296 818 1532 858 introrsum
1564 830 1661 870 pro-

241 889 488 937 eminentes,
534 889 577 929 in
623 888 818 929 articulis
863 874 1160 928 terminalibus
1215 886 1385 928 filorum
1431 883 1663 939 gemmidia

240 957 410 1011 singula
441 957 817 999 clavato-obovata
847 959 1114 1010 generantes.
1180 955 1492 1008 Sploeaerosporce
1523 954 1567 994 in
1588 966 1661 994 ne-

239 1025 462 1066 matheciis
494 1025 536 1065 in
568 1025 704 1066 latere
731 1025 859 1079 plano
882 1023 1311 1077 intramaiginalibus
1334 1023 1544 1076 elongatis
1566 1035 1661 1063 evo-

238 1094 351 1145 lutae,
384 1093 466 1135 filis
499 1094 754 1135 nemathecii
786 1094 966 1146 stipatae,
1001 1092 1187 1134 zonatim
1219 1091 1377 1133 divisae.

237 1187 529 1243 Cystocarpiis
561 1203 586 1229 a
616 1188 785 1242 Harvey
817 1188 860 1228 in
898 1187 1035 1240 specie
1082 1186 1250 1239 generis
1296 1185 1439 1239 typica
1469 1183 1661 1234 detectis,

124 1258 307 1310 speciem
338 1257 533 1307 alteram,
567 1257 726 1298 Generi
757 1270 783 1297 a
804 1270 870 1297 me
893 1256 935 1296 in
958 1255 1142 1296 sectione
1175 1254 1351 1307 propria
1383 1253 1659 1305 adscriptam,

128 1325 351 1379 sejungere
382 1339 551 1366 necesse
583 1328 658 1366 est.
700 1323 889 1378 Acrotyli
921 1337 1057 1377 genus
1090 1323 1151 1363 ita
1181 1322 1427 1371 limitatum,
1460 1319 1660 1362 Chaetan-

122 1394 190 1447 gio
212 1394 467 1447 proximum,
489 1396 707 1434 structura
736 1392 951 1450 diversum
977 1396 1018 1433 et
1039 1391 1185 1432 forsan
1208 1389 1527 1444 sphaerosporis,
1551 1402 1658 1442 quae,

123 1464 157 1503 si
189 1463 361 1516 quidem
392 1464 434 1504 in
466 1462 716 1516 Chaetangio
749 1462 987 1503 observatae
1021 1460 1193 1511 fuerint,
1226 1472 1386 1513 sparsae
1418 1458 1630 1500 dicuntur.

126 1569 159 1607 1.
194 1566 292 1607 Aca.
324 1580 542 1607 Ans'rRALis
574 1564 637 1617 (J.
669 1566 750 1618 Ay.
783 1563 876 1606 Act.
918 1563 1060 1605 Holm.
1096 1564 1200 1604 1849
1227 1577 1271 1616 p.
1303 1564 1374 1615 87)
1406 1562 1558 1603 fronde
1595 1561 1659 1601 di-

234 1635 433 1676 chotoma
455 1639 497 1675 et
517 1633 902 1688 prolificationibus
924 1645 1107 1680 ramosa,
1132 1630 1542 1684 compresso-plana,
1567 1643 1658 1684 seg-

234 1705 387 1746 mentis
419 1704 666 1745 linearibus.
701 1702 747 1746 J.
781 1702 861 1755 Ay.
886 1692 968 1754 'Sp
994 1716 1040 1754 p.
1076 1702 1165 1741 193.
1199 1700 1335 1743 Ham).
1363 1700 1490 1754 Phyc.
1522 1702 1658 1742 arzszstr.

233 1773 316 1814 tab.
349 1773 418 1813 99!
456 1773 585 1814 metz.
617 1772 699 1813 tab.
737 1771 866 1824 Phyle.
911 1770 998 1812 Vol.
1037 1769 1163 1811 XIX
1193 1770 1276 1811 (ab.
1309 1771 1381 1818 36ὃ

384 1840 502 1883 Nova
532 1840 764 1882 Hollandia
795 1839 998 1881 australis
1031 1843 1073 1880 et
1103 1837 1392 1880 occidentalis.

209 1921 330 1956 Frons
358 1921 546 1954 exsiccata
571 1920 793 1965 nigrescens
820 1930 971 1965 rugosa,
997 1918 1246 1953 nematheciis
1273 1917 1498 1962 pulvinatim
1519 1928 1657 1962 expan-

121 1978 171 2012 sis
198 1977 592 2023 intramarginalibus,
620 1976 820 2021 superficie
846 1976 966 2019 magis
995 1975 1216 2019 aequalibus,
1242 1974 1351 2008 facile
1377 1974 1572 2008 distincta.

122 2106 295 2155 ΓΧΧΧῙ·
335 2107 612 2152 HENNEDYA
652 2114 787 2157 Harv.
819 2115 866 2155 in
909 2112 1064 2156 Trans.
1113 2112 1244 2154 [risle.
1292 2111 1428 2154 Acccd.
1488 2110 1573 2152 Vol.
1605 2111 1655 2151 22

233 2199 273 2237 p.
306 2185 396 2225 552.
429 2181 557 2238 Pitye.
590 2187 723 2225 austr.
755 2183 835 2224 tab.
869 2184 934 2223 75.

122 2280 257 2320 Frons
290 2278 616 2319 membranacea
647 2276 780 2330 plana
811 2274 1281 2317 dichotomo-laciniata
1322 2271 1655 2315 subflabellatim

234 2359 436 2400 expansa,
469 2345 633 2386 inferne
665 2345 923 2396 caulescens,
947 2344 1095 2386 stratis
1117 2343 1205 2384 fere
1229 2343 1369 2384 tribus
1401 2342 1653 2389 constituta3

234 2414 462 2457 medullari
492 2413 575 2455 filis
608 2414 803 2467 angustis
837 2413 1009 2455 densius
1048 2411 1303 2462 intertextis,
1335 2410 1447 2451 inter
1477 2409 1654 2451 cellulas

233 2484 359 2527 strati
390 2482 518 2524 medii
548 2496 725 2537 magnas
757 2479 1301 2536 quadratioo-rotundatas,
1335 2477 1515 2531 simplici
1547 2477 1654 2519 serie

231 2552 345 2594 infra
375 2555 605 2605 utramque
635 2551 838 2606 paginam
870 2550 1111 2604 dispositaS,
1145 2546 1472 2590 excurrentibus
1494 2547 1537 2587 in
1560 2560 1653 2588 cor-

232 2620 357 2663 ticale
389 2622 584 2668 stratum,
608 2618 692 2661 filis
715 2618 976 2661 abbreviatis
999 2617 1273 2659 verticalibus
1296 2614 1654 2657 inoniliformibus

231 2692 489 2732 contextum.
539 2687 817 2742 Cystocarpia
848 2688 963 2729 intra
993 2685 1294 2740 pericarpium,
1328 2683 1653 2737 subhemisphe-

230 2759 316 2800 rice
347 2756 651 2811 prominuluin,
691 2757 889 2799 nucleum
930 2755 1144 2797 ambiente
1180 2754 1309 2808 plexu
1347 2752 1518 2794 filorum
1551 2752 1652 2794 den-

232 2827 496 2868 sissimorum
528 2825 732 2878 clausum,
774 2824 1107 2879 carpostomium
1152 2836 1298 2864 versus
1337 2824 1548 2875 apertum,
1588 2821 1652 2861 in-

230 2899 297 2936 tus
344 2908 493 2935 cavum
540 2896 581 2934 et
626 2893 680 2934 ad
726 2893 914 2947 parietes
966 2890 1243 2932 circumcirca
1294 2888 1508 2930 fasciculis
1558 2888 1651 2929 filo-
