1757 3114
80 65 351 109 Rlzodoseris
691 59 993 99 DssLsssnfflnAE.
1325 56 1330 61 “
1516 51 1595 90 475

76 177 233 213 binatim
259 178 298 210 et
322 173 575 219 quaternatim
597 171 740 217 junctis
766 169 965 204 instructa.
1014 165 1095 200 Scri
1121 165 1159 198 in
1186 163 1311 209 pinnis
1339 161 1597 206 superioribus

76 233 236 269 solitarii
262 230 521 271 crassiusculi3
548 232 767 263 transverse
794 228 896 260 secta
919 222 1063 257 frondis
1089 224 1196 266 parte
1226 219 1358 263 fertili,
1381 219 1463 252 haec
1481 218 1595 262 duplo

75 289 248 332 crassior,
273 288 376 322 intra
400 290 460 321 1111
465 297 597 330 amque
625 283 859 329 supeificiem
887 292 972 315 soro
989 277 1517 322 instincta.Sphaer0sp01ae
1539 278 1596 309 sat

73 347 267 391 oblongae3
286 344 383 378 infra
401 347 463 378 1111
467 355 597 387 amque
624 341 901 387 superficiems
887 337 1036 383 singula
1059 336 1236 379 utrinque
1264 335 1360 369 serie
1386 333 1595 377 dispositae,

74 402 220 437 cellulis
246 401 452 436 minoribus
481 400 701 435 subseriatis
728 398 875 440 61116166,
902 394 1092 439 triangule
1119 393 1264 427 divisae.
1291 412 1333 417 —-
1350 390 1512 425 Habitus
1539 392 1595 434 ty-

73 471 161 505 pum
185 459 229 493 N.
256 457 455 503 pristoidei
480 458 519 491 in
544 460 652 501 parte
685 454 878 500 superime
904 451 1034 494 refert,
1060 450 1099 484 in
1124 449 1302 483 inferiore
1334 448 1496 493 digitum
1527 446 1596 480 mi-

73 527 201 551 norem
238 515 327 559 lata,
364 514 515 549 omnino
563 514 726 555 diversa,
764 508 965 545 seriaturis
1003 507 1231 552 conspicuis,
1269 517 1368 540 nunc
1395 516 1414 539 6
1439 503 1594 549 regione

73 573 220 617 positis,
246 583 344 606 nunc
370 571 647 606 alternantibus
673 570 871 603 instincta.

164 630 315 674 Species
342 640 424 662 cum
451 628 576 673 priore
602 627 665 661 vix
690 623 952 670 congenerica‚
986 622 1017 655 si
1043 633 1089 656 ex
1116 620 1247 655 habitu
1279 621 1324 654 de
1350 620 1419 653 hac
1443 630 1483 653 re
1510 629 1595 652 con-

68 686 185 731 jicere
211 686 340 728 liceat,
367 688 405 719 at
430 684 578 719 nescius
605 696 676 728 quo
694 684 775 717 1060
793 681 945 716 formam
964 678 1152 724 insignem
1179 676 1314 711 melius
1342 675 1594 721 disponerem,

71 755 139 788 pro
165 746 334 787 tempore
361 742 429 777 hoc
456 743 536 776 loco
562 739 790 775 enumeravi.

72 922 211 972 CXIII.
250 922 566 971 RHODOSERIS
604 929 779 982 Harvey
806 929 850 970 [ἑνὶ
876 927 973 980 Syn.
1001 924 1127 977 Phyc.
1157 926 1289 965 avistr.
1311 937 1381 964 wo
1405 921 1595 963 LXIII.

186 1000 462 1051 Rhodosem,
508 1001 629 1041 sec-tio
681 996 957 1051 Pollcxfem'oe
1009 992 1250 1049 (partimP).
1305 991 1442 1034 Hem-v.
1493 991 1594 1034 Ner.

182 1073 315 1112 austr.
339 1084 386 1123 p.
419 1070 484 1110 22.

72 1175 205 1216 Frons
237 1171 732 1224 carnoso-cartilaginea,
779 1181 921 1210 crasse
966 1166 1307 1216 membranacea,
1354 1163 1492 1206 medio
1529 1163 1594 1204 111-

184 1245 376 1284 crassata
406 1241 671 1295 marginibus
704 1237 985 1288 tenuioribus,
1007 1233 1442 1290 palmato-laciniata,
1465 1232 1594 1274 cellu-

181 1312 234 1354 lis
264 1311 552 1366 pluriseriatis
574 1324 596 1351 6
625 1309 798 1363 regione
828 1307 977 1361 positis
1009 1308 1220 1352 contexta,
1253 1302 1595 1357 superficialibus

182 1381 464 1421 incrassatam
508 1381 675 1432 partem
726 1375 1026 1430 obtegentibus
1079 1372 1427 1425 sublongioribus
1472 1371 1595 1425 quasi

183 1449 226 1489 in
247 1462 375 1490 venas
397 1447 585 1495 mutatis,
608 1444 919 1499 marginalibus
942 1441 1241 1485 subareolatis.
1276 1440 1473 1484 Coccidia
1505 1474 1512 1481 .
1546 1474 1553 1481 .
1586 1473 1594 1481 .

187 1517 283 1560 Sori
312 1517 356 1558 in
394 1515 551 1570 phyllis
581 1515 756 1556 minutis
794 1512 1038 1555 rotundatis
1069 1525 1095 1553 a
1125 1510 1349 1565 superficie
1379 1509 1594 1563 pullulan-

184 1587 297 1627 tibus
329 1586 500 1637 evoluti,
534 1585 855 1639 sphaerosporas
886 1582 1144 1624 rotundatas
1175 1580 1392 1634 triangule
1437 1578 1595 1620 divisas

188 1653 392 1695 foventes.

186 1756 330 1798 Genus
361 1759 403 1796 et
432 1755 758 1797 characteribus
789 1757 831 1796 et
860 1753 1069 1795 limitibus
1100 1752 1241 1793 adhuc
1272 1751 1463 1793 dubium.
1501 1750 1598 1792 Una

75 1825 237 1879 species
269 1823 487 1878 Capensis,
521 1825 640 1878 cujus
671 1824 840 1877 Harvey
871 1823 988 1864 dedit
1017 1823 1181 1864 iconem
1203 1825 1245 1862 et
1266 1821 1462 1875 analysin
1482 1820 1596 1862 fruc-

73 1898 142 1936 tus
173 1894 426 1947 capsularis,
457 1893 603 1935 forsan
634 1897 682 1934 ut
712 1893 805 1934 vult
843 1896 992 1933 auctor
1022 1891 1325 1933 Rhodomeleis
1363 1891 1595 1944 pertineat3

72 1963 162 2005 haec
193 1963 299 2004 mihi
329 1962 500 2004 omnino
531 1963 691 2015 ignota.
752 1961 901 2003 Altera
931 1960 1082 2012 forma,
1118 1974 1248 2014 quam
1279 1959 1335 2000 ad
1367 1959 1594 2000 sectionem

70 2032 333 2073 Rhodoseris
363 2030 513 2072 retulit
543 2031 726 2084 Harvey,
759 2033 823 2071 est
853 2029 993 2070 adhuc
1024 2029 1161 2083 magis
1193 2028 1377 2070 obscura
1422 2028 1594 2081 species,

72 2100 193 2154 cujus
224 2104 392 2141 tantum
423 2100 594 2140 unicum
628 2099 842 2152 specimen
873 2098 1044 2149 habuit3
1077 2102 1119 2138 et
1139 2097 1219 2139 hoc
1242 2097 1414 2151 quidem
1435 2097 1595 2138 incom-

72 2168 235 2222 pletum
266 2172 311 2209 at
341 2167 580 2208 soriferum.
635 2166 874 2220 Utramque
905 2166 1088 2220 speciem
1120 2156 1340 2207 structura
1370 2165 1596 2207 convenire

73 2236 313 2278 observavit
343 2235 534 2290 Harvey3
566 2249 622 2276 an
652 2239 796 2277 tamen
828 2235 1117 2289 congenericae
1141 2235 1235 2285 sint,
1258 2233 1328 2275 vix
1349 2233 1432 2274 nisi
1452 2232 1596 2274 fructu

57 2309 257 2359 'utroque
289 2304 440 2345 saltem
470 2305 515 2344 in
543 2317 630 2345 una
662 2303 800 2357 specie
831 2304 1001 2357 cognito
1033 2302 1272 2357 dijudicare
1305 2301 1418 2343 licet.

182 2372 442 2414 Rhodoseris
472 2371 751 2425 cartilaginea
780 2372 886 2413 mihi
916 2375 1086 2413 tantum
1106 2370 1347 2424 fragmento
1371 2369 1472 2410 dato
1494 2383 1593 2423 cog-

74 2442 165 2483 nita
195 2444 271 2482 est.
333 2439 399 2481 Ex
429 2439 507 2480 hoc
537 2438 730 2493 plantam
760 2427 966 2494 majorem
998 2439 1207 2488 crederes,
1239 2437 1384 2478 radice
1415 2450 1595 2479 carnosa

74 2509 274 2551 scutatim
318 2520 506 2561 expansa
550 2508 777 2559 subdivisa,
819 2512 861 2549 et
905 2508 1050 2560 stipite
1095 2519 1278 2560 pennam
1323 2505 1594 2558 scriptoriam

74 2591 217 2619 crasso
238 2577 506 2624 instructam,
525 2576 743 2628 superiore
761 2580 885 2629 parte
903 2574 1442 2627 carnoso-cartilagineam,
1465 2588 1595 2628 quam

76 2645 312 2699 suspicione
342 2648 444 2684 tunc
474 2645 678 2696 temporis
700 2645 816 2686 haud
838 2643 1023 2685 absimili
1054 2656 1109 2683 an
1141 2642 1464 2684 Thamnoclonii
1494 2657 1594 2696 par-

76 2719 162 2755 tem
193 2714 389 2767 glabram
419 2712 711 2765 constitueret,
744 2714 956 2756 dubitavit
986 2712 1168 2766 Harvey.
1210 2710 1496 2766 Sporophylla
1525 2726 1594 2753 ro-

78 2782 261 2823 tundata
291 2784 534 2822 monstrant
566 2795 709 2822 sorum
740 2782 781 2822 in
814 2782 953 2824 medio
997 2781 1296 2832 incrassatum,
1343 2784 1390 2821 ut
1427 2780 1515 2824 fere
1550 2782 1594 2823 in
