1757 3114
105 96 386 141 Plocammm.
483 129 487 133 .
675 97 1059 140 RHODYMENIAOEAE.
1555 101 1633 143 335

212 223 391 263 masque
423 210 478 251 ad
511 210 636 252 basin
669 210 758 253 fere
781 212 927 263 divisa,
951 212 1118 254 laciniis
1142 213 1236 255 basi
1256 215 1498 268 angustatis
1521 229 1634 256 erec-

213 279 279 329 tis,
313 279 434 332 apice
465 279 629 321 obtusis
662 280 1006 334 emarginatisve,
1039 282 1236 324 coccidiis
1267 282 1324 338 [Ρ]
1356 282 1634 336 superficiali-

212 347 291 388 bus
323 346 574 388 densissime
621 350 861 402 conspersis
908 350 1128 392 sessilibus
1169 350 1489 404 pedicellatisve
1522 352 1634 393 deci-

212 415 343 457 duis.”
375 416 420 458 J.
453 416 534 469 Ay.
569 417 638 470 Sp.
661 432 709 471 10.
741 419 833 459 221.
870 412 1006 460 Rlaod.
1036 419 1256 461 variolosa
1279 420 1413 462 Hoolc.
1435 423 1473 461 et
1495 420 1634 462 Harv.

212 485 237 526 Z.
268 500 300 526 e.
331 489 368 528 et
400 485 542 540 Crgypt.
573 491 753 530 amaret.
775 502 822 541 p.
856 488 936 529 170
967 489 1048 530 tab.
1090 489 1181 530 180.
1216 489 1459 544 Epymem'a
1489 491 1632 532 vario-

212 554 306 596 losa
340 554 471 596 Koite.

361 623 410 664 In
442 623 610 666 Oceano
643 624 824 666 australi
854 624 911 666 ad
941 625 1188 679 Kerguelen
1220 626 1354 668 Laud.

189 713 233 747 In
258 712 472 758 fragmento
491 714 724 758 speciminis,
743 715 841 759 quod
860 715 1076 749 examinare
1095 716 1214 761 licuit,
1233 717 1378 752 fructus
1398 718 1578 760 dissecui;
1597 719 1636 753 hi

96 770 189 804 mihi
215 771 395 805 videntur
420 772 547 817 potius
574 773 712 807 foliolis
739 773 895 808 minutis
922 773 1132 808 fructiferis
1152 786 1263 818 quam
1282 776 1530 821 cystocarpiis
1548 789 1633 822 pro-

95 828 188 872 priis
216 829 378 874 analogi.
429 830 614 864 Constant
640 830 817 864 nimirum
854 831 942 865 hinc
979 832 1193 876 pericarpio
1231 833 1369 867 eximie
1407 834 1634 879 gelatinoso,

96 884 169 919 filis
195 886 512 922 moniliformibus
540 887 643 921 intra
667 888 875 932 gelatinam
901 889 1072 933 exceptis
1100 889 1328 929 constituto:
1366 891 1473 925 illinc
1511 895 1632 926 struc-

95 944 220 976 turam
245 946 462 977 monstrant
487 943 645 986 frondis,
673 956 808 990 nempe
828 946 984 979 cellulas
1003 946 1207 981 interiores
1227 947 1388 992 majores
1408 949 1631 983 rotundatas

95 1002 133 1033 et
158 999 222 1034 fila
246 1000 442 1034 corticalia
466 1002 654 1036 breviora.
704 1002 868 1037 Nucleus
895 1003 1125 1047 compositus
1153 1004 1313 1049 adparet
1337 1006 1523 1040 nucleolis
1550 1007 1632 1051 plu-

94 1055 217 1099 rimis3
246 1057 461 1102 gemmidiis
488 1058 590 1093 intra
615 1059 771 1093 cellulas
800 1059 912 1094 strati
931 1060 1125 1095 interioris
1145 1062 1385 1106 rotundatas,
1405 1065 1447 1097 ut
1464 1063 1631 1108 videtur,

94 1113 279 1149 formatis.
328 1114 399 1149 Hic
437 1115 516 1149 illic
553 1115 617 1149 fila
655 1116 802 1150 sterilia
838 1116 1121 1152 intercedentia
1156 1118 1288 1153 videre
1327 1120 1487 1164 credidi,
1525 1123 1567 1154 ut
1592 1120 1631 1154 in

95 1171 412 1216 Rhodophylleis,
451 1175 489 1206 at
528 1172 817 1217 dispositionem
855 1176 999 1207 certam
1036 1175 1218 1221 detegere
1257 1188 1332 1211 non
1370 1177 1483 1211 valui.
1541 1177 1632 1211 Cum

96 1228 372 1273 Callophyllide
399 1241 469 1263 nec
496 1232 688 1264 structura
714 1230 873 1274 frondis,
901 1242 970 1265 nec
995 1231 1120 1266 fructu
1147 1233 1353 1268 convenire
1390 1233 1481 1267 mihi
1521 1234 1631 1278 adpa-

94 1286 184 1319 ruit.
233 1286 377 1320 Forsan
403 1286 528 1320 Genus
556 1287 612 1321 sui
633 1287 730 1331 juris
757 1288 978 1322 constituat.
1028 1288 1182 1324 Interea
1207 1290 1330 1324 locum
1359 1291 1501 1336 speciei
1521 1294 1632 1325 antea

93 1342 133 1376 in
159 1345 365 1387 systemate
391 1343 578 1379 tributum
604 1347 752 1378 mutare
779 1344 895 1379 nolui.

90 1531 262 1581 ΙιΧΧΠ.
289 1533 602 1595 ΑΡΙΑΟΟΑΜΙΠΜ
639 1543 863 1594 (Lamour.
893 1519 1003 1597 ref.)
1026 1543 1164 1587 Harv.
1199 1544 1340 1600 Crypt.
1373 1550 1459 1589 am.
1483 1560 1531 1599 p.
1565 1547 1629 1588 73.

205 1611 250 1655 J.
283 1613 364 1666 Ay.
399 1612 471 1666 Sp.
493 1627 542 1666 p.
574 1613 667 1654 392.

88 1726 224 1768 Frons
256 1727 890 1781 membrauaceo-cartilaginea
920 1728 1061 1780 pinnis
1083 1727 1250 1770 alterne
1271 1729 1452 1782 geminis
1474 1730 1631 1772 ternis-

202 1796 407 1849 quinisve,
439 1796 652 1850 pinnatim
684 1796 987 1849 decomposita,
1021 1796 1183 1850 duplici
1213 1802 1289 1839 aut
1309 1798 1471 1852 triplici
1493 1802 1631 1841 strato

204 1866 450 1917 constituta,
483 1864 647 1907 cellulis
679 1866 960 1907 interioribus
993 1866 1382 1920 longitudinalibus
1421 1868 1629 1923 oblongis,

204 1935 456 1977 axillaribus
487 1936 757 1977 tenuioribus
788 1939 953 1977 costam
983 1937 1029 1978 in
1070 1937 1287 1980 nonnullis
1327 1938 1630 1991 formantibus,

203 2003 478 2046 corticalibus
500 2003 991 2058 rotundato-angulatis.
1036 2004 1317 2060 Oystocafflia
1340 2011 1416 2049 aut
1437 2007 1494 2049 ad
1516 2021 1630 2050 mar—

202 2072 344 2125 ginem
375 2072 542 2113 sessilia
573 2071 756 2124 singula,
790 2077 867 2114 aut
896 2073 940 2114 in
970 2073 1113 2116 axillis
1159 2080 1399 2130 aggregata
1443 2075 1630 2129 pedicel-

204 2138 295 2181 lata
327 2140 636 2194 subsphaerica,
659 2141 777 2182 intra
798 2141 1089 2195 pericarpium
1112 2157 1319 2196 crassum,
1342 2146 1629 2198 carpostomio

203 2208 431 2258 munitum,
464 2208 630 2250 cellulis
663 2213 908 2251 extrorsum
940 2211 1227 2264 radiantibus,
1260 2213 1499 2254 introrsum
1530 2228 1629 2255 con-

201 2276 401 2317 centricis
434 2279 694 2328 contextum,
727 2277 924 2319 nucleum
959 2279 1196 2333 simplicem
1234 2285 1309 2322 aut
1340 2281 1535 2324 lobatum
1566 2281 1629 2323 fo-

200 2345 362 2395 ventia3
395 2344 571 2387 nucleus
601 2345 734 2388 fundo
768 2347 909 2389 basali
940 2347 1179 2401 impositus,
1202 2348 1523 2402 placentaribus
1544 2349 1628 2391 filis

200 2412 655 2466 paniculato-ramosis
685 2414 806 2457 lobos
839 2416 1173 2469 sustinentibus3
1207 2417 1297 2459 lobi
1318 2418 1433 2459 circa
1455 2418 1627 2471 placen-

200 2485 290 2522 tam
321 2481 525 2523 radiatim
556 2482 764 2536 dispositi,
791 2484 1002 2538 juveniles
1039 2485 1127 2527 filis
1171 2486 1414 2527 articulatis
1446 2486 1628 2528 ramosis

200 2550 436 2601 constituti,
488 2554 830 2594 maturescentes
884 2554 1347 2605 obconico-rotundati,
1395 2554 1628 2607 gemmidia

200 2617 389 2671 plurima
434 2619 886 2675 rotundato-oblonga,
935 2622 1025 2663 sine
1071 2622 1220 2664 ordine
1266 2623 1496 2676 conspicuo
1528 2637 1626 2666 con-

201 2685 377 2739 globata
423 2686 547 2739 quasi
584 2700 708 2729 muco
739 2688 929 2731 cohibita
958 2689 1160 2731 foventes.
1224 2689 1539 2744 Sphoerosporoe
1583 2692 1627 2732 in

201 2753 488 2808 sporophyllis
533 2756 719 2808 propriis
765 2757 957 2809 evolutae,
988 2757 1364 2811 longitudinaliter
1393 2759 1624 2809 biseriatae,

201 2820 411 2874 oblongae,
444 2822 632 2864 zonatim
664 2822 823 2866 divisae.
