1762 3036
147 127 225 170 172

370 860 618 930 SERIES
668 862 740 930 ΙΙ.
835 862 1460 932 cotelosPERMEAE.

578 963 623 1006 J.
656 963 738 1018 Ay.
775 964 846 1018 sp.
890 964 977 1008 Vol.
1012 965 1080 1007 II.
1102 979 1151 1018 p.
1195 965 1240 1008 V.

256 1078 525 1134 Cystocarpii
570 1081 720 1123 nucleo
766 1081 931 1123 cellulis
979 1082 1279 1124 matricalibus
1323 1081 1536 1136 pluribus,
1568 1085 1687 1127 intra

145 1148 441 1190 membranam
473 1152 694 1191 externam
727 1149 959 1203 gemmidia
989 1149 1118 1204 plura
1139 1151 1460 1203 generantibus,
1483 1151 1683 1205 formato,

143 1216 380 1258 evidentius
426 1218 673 1271 composito,
720 1217 926 1259 nucleolis
972 1218 1163 1272 undique
1202 1222 1244 1260 et
1283 1219 1373 1260 sine
1405 1220 1554 1262 ordine
1585 1235 1683 1263 con-

143 1285 303 1338 spicuo,
335 1285 478 1326 rarius
510 1289 630 1327 certa
660 1285 896 1328 directione
928 1286 1256 1339 adproximatis,
1289 1286 1386 1340 plus
1419 1287 1561 1329 minus
1583 1302 1682 1330 con-

143 1353 287 1407 spicue
332 1354 513 1395 invicem
559 1354 799 1409 disjunctis3
841 1354 1083 1406 gemmidiis
1115 1355 1231 1397 intra
1261 1355 1504 1398 nucleolum
1535 1357 1683 1410 pauci-

144 1422 305 1472 oribus,
338 1422 497 1464 iterata
527 1422 734 1464 divisione
767 1423 885 1474 ortis,
909 1423 1399 1477 rotundato-angulatis,
1432 1425 1548 1466 intra
1569 1426 1682 1479 peri-

143 1491 293 1533 derma
323 1491 545 1547 hyalinum
576 1492 695 1534 nullo
728 1492 878 1534 ordine
900 1493 1129 1546 conspicuo
1153 1493 1434 1548 conglobatis,
1457 1520 1508 1524 —
1532 1494 1681 1550 Cysto-

141 1561 289 1615 carpia
333 1560 477 1604 frondi
523 1562 726 1603 immersa
772 1565 848 1603 aut
886 1562 1003 1603 intra
1035 1563 1327 1616 pericarpium
1358 1567 1583 1606 externum
1613 1577 1681 1606 re-

141 1632 276 1684 cepta,
324 1630 590 1684 disruptione
644 1631 780 1684 partis
830 1630 984 1672 fertilis
1041 1636 1116 1672 aut
1168 1632 1399 1686 pericarpii
1446 1633 1681 1686 superioris

141 1698 340 1748 liberata,
372 1712 472 1741 raro
505 1699 802 1742 secedentibus
833 1699 918 1741 filis
950 1700 1126 1741 demum
1157 1704 1322 1754 aperta.

244 1766 524 1822 -Cystocarpii
555 1767 897 1810 conformatione
935 1768 1297 1823 Cocciospermeae
1336 1769 1505 1812 facilius
1537 1784 1562 1811 a
1593 1770 1681 1824 ple-

140 1835 287 1888 risque
334 1836 543 1877 Florideis
589 1837 911 1889 dignoscantur.
971 1836 1158 1878 Nucleus
1189 1838 1392 1878 nimirum
1422 1838 1681 1891 compositus

140 1903 345 1945 nucleolis
377 1904 615 1945 minoribus
647 1904 839 1958 undique
860 1909 903 1946 et
926 1905 1015 1946 sine
1037 1905 1187 1947 ordine
1217 1891 1445 1959 conspicuo
1477 1905 1680 1959 adproxi-

140 1971 279 2019 matis,
312 1975 505 2013 attamen
536 1973 691 2026 saepius
723 1973 944 2014 evidenter
965 1973 1202 2027 disjunctis,
1225 1977 1371 2015 notam
1394 1974 1679 2017 distinctionis

139 2042 302 2094 praebet
331 2039 457 2082 facile
489 2041 774 2095 conspicuam.
836 2041 1011 2083 Accedit
1048 2041 1162 2096 quod
1202 2042 1379 2083 nucleus
1410 2043 1454 2084 in
1486 2043 1679 2097 Gigarti-

140 2109 231 2150 neis
264 2109 419 2162 saepius
450 2114 597 2151 manet
627 2110 798 2151 clausus
831 2114 873 2151 et
903 2114 1072 2152 tantum
1111 2110 1379 2164 disruptione
1426 2116 1502 2153 aut
1546 2112 1681 2154 totius

140 2176 281 2218 nuclei
325 2191 422 2218 cum
452 2182 577 2230 parte
608 2178 797 2231 quadam
836 2179 973 2220 sterili
1004 2178 1231 2230 ambiente,
1264 2183 1351 2232 aut,
1385 2180 1455 2220 ubi
1486 2180 1678 2234 pericar-

139 2244 257 2298 pium
279 2244 401 2286 adest
432 2251 669 2298 externum,
700 2251 886 2299 ruptura
917 2247 1105 2300 quadam
1144 2248 1388 2302 pericarpii.
1448 2249 1498 2290 In
1529 2248 1680 2292 nucleo

140 2314 374 2366 composito
421 2313 607 2355 aliarum
655 2315 863 2356 serierum
902 2315 1085 2357 nucleoli
1116 2320 1280 2357 certum
1311 2317 1527 2370 quendam
1565 2318 1679 2360 ordi-

139 2396 237 2423 nem
269 2387 452 2433 servant,
486 2387 562 2424 aut
592 2384 708 2425 circa
742 2384 987 2437 placentam
1026 2384 1259 2433 radiantes,
1300 2389 1375 2427 aut
1413 2399 1545 2440 supra
1584 2387 1677 2440 pla-

139 2465 242 2492 num
278 2451 527 2504 placentare
572 2452 772 2505 impositi.
833 2452 923 2505 Ipsi
969 2466 1139 2506 quoque
1185 2453 1370 2495 nucleoli
1416 2454 1459 2494 in
1506 2452 1676 2496 Coccio-

140 2519 348 2572 spermeis
381 2520 519 2574 magis
550 2520 799 2562 immediate
831 2535 856 2562 a
887 2521 1022 2562 sterili
1053 2525 1175 2574 parte
1214 2522 1484 2573 evolvuntur3
1520 2523 1563 2563 in
1594 2522 1676 2564 Ne-

139 2589 466 2640 matospermeis
511 2588 692 2643 aliisque
731 2589 966 2643 adparatus
1006 2589 1182 2642 quidam
1214 2590 1414 2644 proprius
1445 2591 1675 2632 inchoante

139 2654 469 2697 fructificatione
501 2657 651 2704 oritur,
685 2671 768 2711 quo
800 2656 1017 2697 mediante
1050 2657 1270 2699 nucleolus
1301 2657 1525 2700 formatur.
1559 2659 1674 2701 Gon-

140 2724 538 2778 gylospermearum
582 2725 767 2778 nucleos,
813 2740 919 2779 quos
966 2726 1171 2768 nucleolis
1227 2726 1674 2780 Cocciospermearum

140 2805 392 2846 comparare
437 2793 598 2846 liceret,
644 2795 734 2836 fere
779 2794 921 2848 potius
960 2795 1082 2848 quasi
1116 2808 1318 2849 gemmas,
1349 2795 1537 2849 prolepsi
1568 2810 1673 2850 qua-

140 2860 241 2902 dam
271 2864 473 2912 mutatas,
507 2863 836 2906 considerarem.
