1757 3114
88 131 394 187 Leptophyllis.
726 128 992 170 CHoNDmEAE.
1548 123 1629 164 675

201 243 589 298 vato-pyriformia,
621 242 801 283 invicem
833 239 981 287 libera,
1004 238 1204 280 foventia.
1249 237 1348 281 Sorz'
1370 251 1491 279 secus
1515 249 1630 277 inar-

202 314 321 368 gines
353 313 516 354 frondis
548 311 591 351 in
624 314 808 362 utraque
840 307 999 361 pagina
1030 306 1183 348 elevati
1222 305 1420 356 lineares,
1460 303 1627 345 cellulis

202 382 481 424 corticalibus
512 381 555 421 in
586 378 661 420 fila
692 376 840 419 brevia
870 375 1093 417 verticalia
1131 375 1320 425 mutatis,
1360 373 1629 427 sphaerospo-

204 453 349 505 risque
381 451 471 492 sine
503 449 652 491 ordine
685 445 904 499 dispositis
936 444 1146 498 plurimis,
1180 444 1352 486 demum
1384 442 1631 485 rotundatis

205 520 427 561 cruciatiin
460 518 604 559 divisis
636 514 870 557 constituti.

208 637 341 677 Frons
376 634 546 676 omnino
578 631 720 686 plana,
752 631 795 671 in
828 629 1048 683 superiore
1080 631 1203 682 parte
1235 641 1356 669 secus
1377 630 1540 668 costam
1563 629 1632 667 vix

92 706 270 751 clevata,
308 703 638 745 membranacea
669 704 710 742 et
748 699 1000 752 adspectum
1031 695 1282 738 Delesseriae
1314 696 1402 737 fere
1436 694 1634 745 offerens,

93 774 306 828 praecipue
338 772 488 825 planta
519 769 700 812 sorifera
722 767 979 816 examinata,
1002 765 1156 806 habitu
1177 768 1219 805 et
1240 765 1348 806 soris
1379 764 1635 805 intra-mar-

94 842 310 895 ginalibus
341 841 591 894 adspectum
624 836 874 879 Delesseriae
906 835 1012 876 mire
1066 832 1365 875 referentibus.
1442 832 1637 873 Sectione

94 909 371 951 transversali
405 908 563 961 plantae
596 905 786 947 soriferae
818 903 945 954 facta,
992 902 1111 944 frons
1159 901 1300 942 media
1345 901 1515 942 tenuior
1561 899 1637 940 ad-

96 983 260 1032 pareat,
294 981 417 1031 parte
449 972 818 1027 intra-marginali
840 971 1043 1025 utrinque
1066 969 1254 1015 elevata:
1287 968 1453 1010 cellulae
1485 981 1638 1021 nempe

98 1045 404 1100 superficiales,
438 1058 532 1098 quae
566 1044 607 1084 in
648 1042 792 1084 media
838 1043 962 1094 parte
1008 1037 1494 1087 submonostromaticae,
1540 1039 1640 1077 sunt

97 1116 139 1157 in
172 1120 296 1169 parte
329 1113 511 1156 sorifera
543 1114 585 1154 111
618 1112 692 1153 fila
723 1110 872 1153 brevia
903 1108 1126 1151 verticalia
1156 1108 1359 1157 evolutae3
1399 1107 1510 1148 inter
1549 1105 1639 1146 haeo

98 1186 172 1227 fila
203 1185 513 1238 sphaerosporae
540 1181 750 1236 juveniles
772 1180 981 1233 oblongae,
1004 1178 1242 1219 adultiores
1264 1176 1521 1226 rotundatae,
1543 1188 1639 1215 cru-

98 1255 245 1294 ciatim
278 1253 437 1301 divisae,
462 1252 552 1293 sine
584 1250 733 1292 ordine
765 1249 946 1302 stipatae.
1007 1245 1288 1301 Cystocarpia
1318 1246 1360 1285 in
1392 1245 1524 1298 pinna
1554 1247 1640 1284 ter-

100 1321 279 1362 minalia
325 1320 558 1373 adparent3
605 1321 705 1360 sunt
750 1331 862 1367 vero,
895 1316 938 1356 ni
971 1315 1149 1356 nimium
1181 1313 1324 1363 fallor,
1358 1325 1490 1365 supra
1520 1311 1641 1364 pagi-

100 1404 199 1431 nam
233 1389 410 1429 elevata.
471 1387 764 1440 Pericarpiuni
797 1386 915 1427 intra
951 1383 1132 1425 limbum
1171 1381 1393 1437 hyalinum
1430 1383 1642 1422 monstrat

101 1458 277 1501 cellulas
325 1457 551 1499 corticales
597 1456 733 1509 magis
773 1454 1028 1503 subdivisas,
1062 1457 1103 1493 et
1135 1455 1347 1505 praeterea
1378 1449 1460 1490 filis
1493 1462 1518 1490 a
1548 1448 1641 1490 basi

102 1528 309 1581 placent-„e
343 1540 463 1567 secus
494 1526 683 1579 parietes
704 1523 937 1578 pericarpii
959 1522 1297 1576 carpostomium
1320 1534 1468 1561 versus
1491 1532 1642 1560 excur-

103 1596 298 1637 rentibus
331 1595 539 1645 munitas3
572 1593 780 1647 placentae
820 1606 921 1645 pars
952 1590 1099 1632 infima
1131 1594 1328 1632 constare
1360 1588 1528 1630 videtur
1560 1587 1642 1628 cel-

103 1665 206 1706 lulis
239 1661 873 1709 ramoso-anastomosantibus,
907 1660 1064 1702 sensim
1086 1660 1130 1700 in
1154 1672 1296 1700 ramos
1327 1658 1545 1699 tenuiores
1577 1670 1643 1697 so-

104 1733 218 1781 lutis,
265 1732 340 1786 qui
385 1731 639 1773 fasciculum
686 1729 967 1771 rotundatum
1013 1728 1151 1770 nuclei
1197 1726 1404 1777 efficiunt3
1450 1725 1523 1767 fila
1553 1725 1643 1766 haec

103 1800 418 1855 gemmidiifera
462 1799 674 1853 elongata,
722 1811 1067 1852 quoquoversum
1113 1795 1342 1846 radiantia,
1375 1795 1417 1835 in
1449 1793 1644 1835 articulis

104 1868 405 1911 terminalibus
451 1866 684 1922 gemmidia
729 1879 887 1919 magna
932 1864 1308 1907 obovato-clavata
1352 1862 1552 1903 foventia.
1591 1887 1644 1891 ——

107 1938 241 1980 Frons
272 1938 450 1979 inferior
482 1941 728 1978 transverse
760 1941 877 1976 secta
908 1935 951 1975 111
983 1935 1123 1976 medio
1152 1933 1384 1975 admodum
1406 1932 1647 1973 incrassata

106 2007 299 2061 adparet,
332 2006 497 2048 cellulis
532 2005 657 2046 strati
689 2003 905 2046 corticalis
938 2003 1017 2044 hoc
1048 2003 1139 2044 loco
1171 2003 1214 2043 in
1246 2006 1430 2043 stratum
1453 2013 1644 2041 crassum

104 2075 297 2126 evolutis,
331 2076 455 2129 quasi
486 2088 511 2115 a
542 2077 690 2115 centro
722 2071 982 2126 regulariter
1013 2070 1287 2112 radiantibus
1320 2067 1581 2118 subcubicis;
1604 2067 1646 2107 in

105 2144 244 2185 medio
277 2144 402 2185 strati
433 2142 656 2185 interioris
679 2140 835 2182 cellula
856 2140 1060 2182 centralis
1091 2138 1527 2192 tetragono-oblonga
1548 2149 1646 2177 con-

107 2212 328 2266 spiciatur,
360 2211 656 2265 magnitudine
687 2210 926 2251 ambientes
958 2208 1094 2261 magis
1126 2207 1388 2261 irregulares
1420 2207 1517 2260 (per
1539 2204 1646 2245 2-3

108 2281 239 2321 series
269 2280 382 2321 inter
413 2279 629 2333 margines
668 2277 835 2319 frondis
875 2277 1126 2331 dispositas)
1173 2289 1393 2328 superans.
1453 2272 1648 2314 Sectione

108 2346 413 2402 longitudinali
444 2347 505 2388 ita
537 2347 666 2388 ducta
696 2350 744 2387 111
775 2345 932 2387 cellula
962 2345 1052 2386 haec
1083 2343 1286 2384 centralis
1318 2356 1438 2383 secus
1460 2341 1647 2395 longitu-

109 2417 253 2459 dinem
285 2415 407 2458 oculo
440 2416 683 2469 objiciatur,
716 2418 899 2469 apparet
930 2415 1083 2455 tubum
1115 2412 1377 2453 constituere
1400 2410 1556 2451 axilem
1579 2423 1649 2449 ar-

110 2485 350 2537 ticulatum,
383 2484 578 2526 articulis
610 2483 975 2538 subcylindraceis
1007 2480 1185 2522 cellulas
1232 2479 1469 2521 ambientes
1515 2477 1649 2529 magis

113 2555 323 2610 oblongas
354 2555 452 2609 plus
483 2553 613 2608 duplo
651 2553 920 2607 longitudine
959 2550 1277 2605 superantibus,
1318 2548 1649 2590 endochromate

113 2624 318 2667 colorato.

228 2715 399 2770 Species
430 2714 573 2768 typica
605 2713 731 2767 hujus
763 2712 943 2755 Generis
968 2711 1059 2765 jam
1081 2724 1107 2751 a
1129 2710 1321 2751 Turnero
1344 2708 1515 2761 depicta
1537 2708 1650 2749 vide-

116 2790 208 2835 tur3
240 2784 338 2826 dein
369 2783 423 2824 ab
455 2796 540 2823 uno
572 2782 626 2823 ad
673 2782 857 2824 alterum
904 2780 1048 2821 Genus
1093 2780 1377 2831 circumvaga,
1424 2777 1592 2817 demum
1627 2790 1652 2816 a

119 2855 312 2907 Harveyo
360 2852 511 2892 eximie
558 2851 790 2896 illustrata,
838 2849 1156 2901 Cladhymenioe
1202 2848 1362 2901 specics
1409 2846 1653 2886 existimata

1462 2913 1523 2946 43τὲ
