1757 3114
142 107 224 147 470
734 105 1038 145 DELESSERIEAE.
1354 103 1657 157 Nitophyllmn.

142 220 207 261 48.
239 206 289 260 N..
319 219 672 260 RUPRECHTIANUM
702 217 764 269 (J.
796 218 876 270 Ay.
911 215 1076 258 Florid.
1111 216 1220 270 Syst.
1244 231 1291 270 1).
1315 216 1558 272 51)f1·0nde
1584 216 1658 257 sti-

253 288 393 341 pitata
423 300 592 328 sursum
622 286 788 340 longius
819 285 1071 327 fiabellatim
1101 299 1282 327 nervosa
1311 283 1658 327 cuneato-flabel-

254 355 344 397 lata
388 353 750 408 subpalmatifida‚
798 354 1027 407 segmentis
1072 354 1372 404 conformibus,
1399 352 1659 408 juvenilibus

254 425 662 474 obovato-cuneatis,
695 424 981 465 adultioribus
1019 423 1311 476 superioribus
1349 421 1659 475 oblongo-line-

253 494 397 535 aribus
428 493 547 545 apice
576 493 817 534 rotundatis
848 505 1018 533 sursum
1039 492 1163 545 longe
1184 492 1360 541 venosis,
1384 491 1490 532 soris
1511 490 1659 544 phylla

253 560 511 614 marginalia
541 560 670 602 dense
700 560 984 614 prolificantia
1029 560 1347 612 occupantibus,
1380 559 1556 611 singulis
1587 572 1654 599 ro-

251 629 456 677 tundatis,
489 628 660 670 demum
690 629 928 681 marginem
959 627 1203 669 inferiorem
1229 627 1364 669 folioli
1386 627 1540 669 evoluti
1562 640 1659 667 con-

253 699 532 748 servantibus,
555 698 770 753 (coccidiis
791 697 1147 751 margininalibus
1157 696 1196 752 P)
1229 697 1425 750 Hymena
1435 695 1661 749 fimbriata

257 766 370 809 Post.
403 771 441 808 et
472 766 607 819 Rupr.
641 766 807 808 Illustr.
831 766 911 806 tab.
934 765 985 806 38
996 765 1071 818 fif).
1094 779 1133 806 a.
1159 765 1288 806 Kv'itz.
1311 764 1392 806 tab.
1419 763 1544 816 Phyc.
1575 761 1658 804 Vol.

258 835 384 877 XVI
410 835 492 876 tab.
524 835 587 876 23.
620 834 664 877 J.
697 834 777 886 As).
813 833 885 885 ΒΡ.
910 846 957 885 p.
989 833 1080 873 674.
1112 858 1164 863 -—
1189 832 1278 874 ΞΝ.
1312 832 1542 874 laceratum
1570 845 1660 873 var.

246 903 494 956 palmatum
516 902 652 944 Ham).
671 916 739 955 ap.
763 901 913 943 Beeelz.
947 900 1105 954 Voy.p.
1129 901 1220 941 163.
1242 900 1287 942 J.
1310 901 1390 953 Ay.
1415 900 1546 953 Sstp.
1568 899 1660 940 658.

404 971 455 1012 In
484 970 660 1025 pacifico
692 970 925 1023 superiore.

232 1051 290 1085 Ad
314 1050 410 1084 hanc
434 1050 562 1084 forsan
587 1049 784 1094 pertinent
810 1047 1015 1093 specimina
1039 1048 1189 1083 nomine
1215 1049 1259 1083 N.
1285 1048 1441 1082 lacerati
1460 1059 1506 1082 ex
1531 1048 1661 1083 littore

142 1107 355 1142 Californiae
383 1107 588 1152 divulgata.
639 1105 849 1150 Specimina
874 1107 1011 1148 autem,
1038 1116 1119 1148 quae
1146 1104 1238 1148 vidi,
1276 1105 1505 1150 incompleta
1540 1107 1582 1139 ut
1603 1105 1661 1149 ju-

142 1164 280 1199 dicium
308 1164 351 1198 de
376 1163 422 1198 iis
448 1163 546 1197 ferre
571 1174 647 1197 non
672 1163 860 1196 auderem.

142 1290 230 1346 †††
263 1289 432 1332 Fronde
462 1288 728 1339 walese-eme,
760 1288 877 1330 caule
908 1288 1071 1329 demum
1101 1300 1268 1329 ramoso
1299 1287 1423 1337 nudo,
1454 1290 1575 1329 costce
1605 1287 1665 1329 ad

318 1360 458 1399 instar
478 1370 560 1409 per
591 1356 797 1398 laminam
827 1369 997 1398 sursum
1028 1355 1192 1408 lonffl'us
1222 1356 1474 1397 continuato.
1630 1355 1632 1357 ’

141 1462 206 1503 49.
237 1459 287 1501 N.
318 1472 605 1501 PLATYCARPUM
636 1459 793 1513 (Turn.
825 1459 941 1501 Hist.
972 1459 1054 1500 tab.
1089 1460 1186 1514 144)
1218 1458 1338 1500 caule
1368 1458 1565 1512 elongato
1593 1472 1663 1500 ra-

252 1541 370 1569 moso
401 1541 571 1568 sursum
601 1527 788 1580 planato,
812 1532 939 1568 costae
963 1527 1222 1579 angustioris
1245 1525 1429 1567 definitae
1451 1527 1506 1568 ad
1528 1527 1664 1568 instar

252 1610 329 1650 per
359 1595 564 1636 laminam
594 1594 763 1648 longius
796 1609 966 1636 sursum
997 1595 1259 1645 continuato,
1291 1594 1441 1636 fronde
1472 1595 1664 1649 margine

254 1663 581 1705 membranacea
625 1662 1165 1716 dichotomo-subpinnata,
1197 1663 1424 1715 segmentis
1464 1666 1664 1704 cuneato-

254 1733 490 1775 linearibus
530 1732 811 1774 semicostatis
856 1731 1214 1785 pinnati-Iobatis,
1260 1731 1369 1773 lobis
1413 1732 1666 1783 rotundatis,

255 1802 372 1843 venis
406 1801 746 1855 superficialibus
778 1815 947 1842 sursum
978 1800 1145 1853 longius
1176 1800 1445 1849 continuatis,
1478 1800 1585 1842 soris
1615 1800 1666 1841 li-

256 1883 381 1910 neam
412 1870 704 1923 angustiorem
734 1869 850 1909 intra
879 1868 1116 1921 marginem
1155 1868 1411 1909 undulatum
1442 1868 1666 1909 formanti-

255 1937 335 1978 bus
368 1941 443 1977 aut
471 1936 618 1990 phylla
648 1936 812 1976 minuta
842 1936 1076 1977 rotundata
1116 1936 1436 1988 occupantibus,
1469 1935 1667 1977 coccidiis

256 2005 300 2046 in
330 2004 487 2058 phyllis
518 2004 860 2057 prolificantibus
892 2005 935 2045 in
965 2018 1051 2045 una
1081 2005 1239 2058 pagina
1271 2004 1542 2045 subemersis.
1575 2004 1666 2045 Bo-

254 2072 532 2126 tryoylossum
568 2072 871 2125 platyearpzmz
918 2074 1042 2113 Kattz.
1088 2072 1168 2113 tab.
1228 2071 1356 2125 Plzyc.
1411 2071 1497 2113 Vol.
1546 2072 1673 2114 XVI

255 2140 336 2183 tab.
367 2142 404 2181 4.
435 2140 479 2183 J.
511 2140 592 2193 Ay.
630 2140 701 2192 Sp.
724 2153 771 2191 p.
805 2140 883 2180 676
915 2140 1039 2193 (excl.
1072 2140 1182 2194 syn).
1215 2140 1351 2182 Harv.
1388 2141 1488 2182 Ner.
1519 2139 1666 2182 Austr.

246 2222 294 2262 p.
331 2210 420 2249 117.
456 2208 598 2250 Fucus
619 2208 904 2260 platycaoyms
940 2208 1070 2249 Turn.
1103 2207 1218 2249 Hist.
1250 2209 1332 2250 tab.
1367 2209 1456 2249 144.

257 2288 366 2330 Hab.
399 2287 454 2329 ad
485 2286 586 2340 Cap.
617 2287 657 2328 b.
690 2286 808 2339 Spei3
841 2286 894 2327 ad
926 2285 1089 2328 insulas
1122 2286 1346 2328 Falkland.
1407 2288 1487 2329 Vix
1518 2287 1665 2328 eadem

410 2356 466 2397 ad
497 2354 803 2397 Californiam‘?

426 2497 540 2539 VIII.
576 2497 740 2549 Species
766 2497 931 2550 {seueris
962 2495 1175 2550 affinitate
1205 2497 1384 2538 incertce.

148 2599 210 2639 50.
244 2597 293 2639 N.
324 2612 499 2639 REPTANS
531 2597 723 2652 (Gronau
754 2597 866 2640 Ama.
892 2597 955 2640 Sc.
981 2598 1084 2639 Nat.
1107 2602 1201 2640 tom.
1228 2598 1340 2652 XV)
1370 2598 1519 2640 fronde
1550 2599 1665 2641 venis

258 2665 571 2718 microscopicis
603 2666 1021 2707 anastomosantibus
1051 2681 1207 2708 venosa
1237 2667 1486 2709 tenuissima
1516 2666 1665 2709 flabel-

259 2732 346 2774 lata
375 2733 535 2786 pluries
566 2733 822 2784 dichotoma,
853 2733 962 2775 lobis
1008 2735 1263 2785 rotundatis,
1310 2734 1530 2787 superficie
1575 2738 1666 2776 tota

264 2801 385 2858 quasi
414 2802 819 2856 repente-adpressa
853 2804 895 2843 et
929 2802 1213 2854 processubus
1243 2801 1556 2843 radicularibus
1588 2802 1663 2843 ad-
