1757 3114
109 97 365 143 Lamencia.
759 94 1026 137 CHONDRIEAE.
1564 95 1641 135 647

222 224 392 253 versum
423 211 675 253 exeuntibus
708 209 1018 264 patentissimis
1050 209 1325 260 subalternis,
1358 208 1569 261 supremis
1600 208 1643 248 in

223 280 399 322 rachide
431 281 633 335 elongata
677 280 939 334 patentibus,
986 279 1118 321 fertili
1163 276 1466 329 subconformi‚
1513 277 1644 318 ramis

224 349 546 402 sphaerosporas
577 349 826 402 gerentibus
858 348 1270 399 clavato-truncatis,
1303 345 1552 387 keramidiis
1579 346 1643 386 in-

222 417 289 458 fra
319 418 461 471 apices
492 417 759 459 ramulorum
790 416 1010 458 sessilibus
1053 430 1224 457 sursum
1256 414 1465 469 porrectis
1497 413 1643 456 ovatis.

224 486 361 529 Harv.
397 487 496 529 Ner.
531 485 638 528 Bor.
669 486 851 529 Ameria
884 485 965 527 tab.
1003 485 1052 526 18
1085 484 1145 526 D.

289 555 397 597 Hab.
429 555 484 596 ad
516 555 723 596 Americae
756 553 973 596 calidioris
1006 567 1103 594 oras
1136 552 1379 594 atlanticas.

202 635 290 679 Quae
317 634 468 669 nomine
493 634 536 668 L.
565 633 804 668 Cervicornis
843 632 1073 668 describitur
1111 635 1148 667 et
1185 632 1358 678 pingitur
1395 631 1514 667 Ham).
1552 631 1643 666 Ner.

110 692 201 727 Bor.
227 692 309 726 Am.
330 703 370 736 p.
398 692 441 726 73
465 695 498 726 et
523 691 593 726 tab.
623 690 777 725 XVIII
797 690 833 725 G.
872 690 915 724 L.
954 690 1158 735 implicatae
1197 690 1368 735 proxima
1405 689 1569 733 videtur,
1607 691 1646 723 at

108 749 327 784 keramidiis
354 749 551 785 latioribus
578 761 690 793 quam
715 748 840 794 longis
868 748 1035 791 diversa:
1061 748 1142 783 haeo
1169 759 1258 783 vero
1283 748 1376 782 mihi
1401 748 1506 782 nullo
1526 746 1643 791 speci-

108 796 209 830 mine
235 796 399 840 cognita.

109 890 151 910 ‘⁴²²⁸
187 889 360 932 Fronde
379 889 526 943 fertili
555 889 747 943 clefformi
776 888 959 930 ramulis
989 887 1278 940 subpiomatim
1300 887 1646 940 provenientibus

639 958 893 1010 adparenter
915 957 1118 1010 pinnata.

110 1052 148 1091 6.
181 1050 226 1091 L.
258 1049 742 1103 HE'1¹EROCLADA(H6W2).
788 1051 835 1092 in
885 1049 1039 1091 Trans.
1086 1049 1148 1091 Ir.
1196 1047 1331 1090 Acad.
1390 1047 1477 1089 Vol.
1524 1048 1575 1088 22
1600 1061 1646 1100 p.

225 1119 328 1174 544)
360 1132 580 1172 purpurea
619 1118 1163 1168 carnoso-membranacea,
1212 1116 1363 1158 fronde
1406 1116 1533 1158 tereti
1565 1116 1646 1157 fili-

222 1186 349 1228 formi
380 1187 830 1237 dichotomo-ramosa,
863 1186 994 1228 ramis
1024 1186 1143 1240 vagis
1175 1199 1519 1240 quoquoversum
1550 1199 1646 1227 exe-

223 1255 398 1296 untibus
429 1255 670 1306 ramulosis,
702 1253 880 1297 ramulis
912 1254 1273 1296 adscendentibus
1305 1253 1647 1307 simpliciusculis

224 1323 484 1365 subclavatis
533 1324 712 1366 alternis
758 1328 834 1365 aut
879 1322 1172 1373 subsecundis,
1212 1322 1343 1363 fertili
1376 1322 1647 1364 subdifformi

222 1391 399 1433 ramulis
445 1391 698 1434 lateralibus
745 1406 865 1434 secus
904 1396 1073 1445 partem
1105 1391 1370 1445 superiorem
1411 1390 1574 1432 alterne
1606 1394 1648 1432 et

225 1461 436 1515 pinnatim
468 1461 829 1514 provenientibus,
860 1460 1182 1514 sphaerosporas
1203 1459 1440 1501 ferentibus
1472 1459 1647 1500 multifi-

226 1530 291 1571 dis
323 1529 570 1583 fastigiatis.
602 1529 851 1571 keramidiis
882 1530 927 1570 in
948 1529 1127 1570 ramulis
1159 1528 1503 1582 simpliciusculis
1535 1528 1648 1569 infra

225 1599 389 1651 apicem
422 1597 662 1642 lateraliter
693 1598 1015 1652 egredientibus
1054 1597 1463 1639 rotundato-ovatis.
1509 1597 1647 1639 Ham).

229 1667 357 1720 Phyc.
391 1670 524 1709 (lustr.
557 1667 639 1709 tab.
675 1667 773 1708 148!

224 1735 331 1777 Hab.
364 1735 419 1776 ad
451 1735 613 1777 Novam
645 1735 921 1777 Hollandiam
952 1734 1186 1776 australem
1219 1738 1261 1776 et
1292 1733 1611 1776 occidentalem.

203 1815 246 1849 L.
273 1815 473 1849 arbuscula
499 1814 625 1858 (Sond.
664 1815 751 1860 Azy.
791 1815 928 1849 Preiss.
961 1826 1000 1858 p.
1028 1815 1084 1858 30,
1121 1814 1155 1849 J.
1184 1814 1255 1858 Ay.
1284 1814 1346 1859 Sp.
1367 1826 1408 1858 1).
1438 1815 1519 1859 769)
1556 1815 1648 1848 mihi

110 1873 304 1915 hucusque
338 1871 482 1916 species
522 1871 635 1906 dubia
671 1874 812 1906 manet.
863 1870 1060 1916 Specimen
1099 1871 1298 1916 originale,
1334 1871 1427 1905 milii
1464 1872 1649 1906 benevole

111 1928 443 1971 communicatum,
480 1929 650 1973 plantam
687 1928 873 1963 minorem
911 1927 1027 1971 sistit,
1066 1928 1193 1972 pinnis
1226 1928 1265 1961 in
1302 1928 1456 1962 rachide
1493 1928 1648 1963 fortiore

112 1985 384 2030 sul›oppositi5‚
419 1986 652 2030 ramulisque
691 1985 885 2020 sterilibus
925 1985 1259 2029 subcylindraceis‚
1298 1986 1423 2020 colore
1455 1985 1494 2018 in
1519 1988 1650 2020 nostra

111 2044 361 2077 fuscescente.
411 2043 665 2078 Madefactum
693 2043 886 2088 specimen
918 2042 1133 2078 evidentius
1159 2044 1347 2076 monstrat
1374 2041 1538 2087 speciem
1566 2054 1648 2077 esse

111 2101 154 2134 L.
181 2101 434 2135 heterocladae
472 2100 695 2145 proximam,
723 2103 762 2135 et
798 2099 862 2134 vix
887 2099 962 2134 nisi
999 2099 1260 2145 magnitudine
1289 2099 1490 2134 diversam.
1541 2099 1649 2144 Ejus—

111 2157 212 2192 modi
238 2157 408 2201 plantam
432 2157 534 2191 inter
562 2157 713 2202 lapillos
740 2157 978 2201 conchasque
1004 2160 1240 2192 crescentem
1261 2168 1307 2191 ex
1324 2157 1456 2191 littore
1475 2157 1648 2191 occiden-

116 2214 184 2249 tali
210 2215 325 2249 Novze
352 2214 565 2249 Hollandiae
586 2226 732 2259 quoque
751 2215 878 2258 habui,
905 2215 1029 2249 colore
1056 2226 1191 2249 carneo
1217 2215 1259 2249 L.
1286 2214 1459 2249 Forsteri
1484 2214 1648 2248 instruc-

112 2275 202 2307 tam.
236 2272 405 2306 Ramulis
423 2272 544 2317 magis
570 2284 665 2318 vage
692 2273 919 2308 exeuntibus
946 2274 990 2308 ab
1016 2273 1086 2307 hac
1112 2273 1292 2307 differunt
1318 2284 1399 2316 quae
1427 2271 1578 2306 nomine
1604 2272 1647 2306 L.

112 2329 367 2363 heterocladae
394 2341 472 2364 var.
501 2341 521 2363 a
544 2330 696 2376 Harvey
724 2332 791 2365 sub
818 2343 879 2365 nzo
905 2331 970 2364 235
997 2330 1204 2365 distributa
1238 2330 1393 2364 fuerunt
1429 2329 1646 2374 specimina.

111 2386 286 2420 Plantam
311 2385 438 2430 itaque
475 2386 693 2431 primariam
731 2387 891 2422 Sonderi
917 2387 959 2421 L.
986 2387 1241 2421 heterocladae
1279 2386 1504 2420 varietatem
1529 2386 1648 2420 mino-

112 2454 192 2477 rem
218 2443 431 2477 considero.
480 2443 646 2489 Kutzing
673 2445 740 2478 sub
767 2444 918 2479 nomine
951 2444 993 2478 L.
1022 2444 1232 2477 arbusculae
1264 2443 1446 2487 majorem
1477 2443 1647 2488 plantam

114 2500 289 2545 depinxit
315 2501 420 2544 (Tab.
448 2500 561 2545 Phyc.
596 2500 674 2535 Vol.
704 2500 783 2536 XV
805 2502 875 2535 tab.
903 2502 961 2545 72)
988 2512 1070 2544 quae
1090 2500 1216 2544 pinnis
1236 2499 1392 2533 nimium
1418 2500 1648 2544 regulariter

114 2557 343 2592 decussatim
370 2557 555 2601 oppositis
581 2557 737 2603 insuper
769 2558 921 2592 diversa
951 2557 1115 2592 videtur.
1166 2556 1300 2592 Utrum
1331 2557 1413 2591 haec
1440 2556 1491 2590 sit
1515 2557 1557 2590 L.
1584 2557 1647 2590 hc-

114 2614 308 2649 tcroclada
344 2614 580 2659 Harveyana‚
618 2626 676 2649 an.
703 2616 746 2649 L.
774 2614 996 2649 Tasmaniea
1026 2614 1169 2648 dubito.
1220 2614 1491 2648 Lsarbuscula
1527 2613 1646 2648 Harv.

114 2672 202 2716 Aly.
229 2675 347 2706 austr.
374 2682 448 2706 eres.
475 2683 535 2706 wo
572 2673 638 2706 233
674 2672 767 2706 mihi
805 2671 931 2716 potius
969 2672 1101 2716 planta
1126 2682 1145 2704 e
1173 2670 1340 2705 sectione
1366 2670 1409 2704 L.
1435 2670 1646 2714 papillosae,

114 2728 229 2762 ramis
254 2728 294 2762 in
320 2728 474 2762 rachide
500 2728 763 2772 pyramidatis,
790 2727 993 2772 majoribus
1023 2727 1293 2771 suboppositis,
1321 2726 1505 2771 supremis
1532 2726 1571 2760 in
1589 2738 1645 2760 ra-

115 2785 225 2820 chide
253 2785 561 2830 supereminente
587 2785 944 2830 papillaeformibus3
965 2784 1173 2829 specimina
1190 2795 1280 2818 vero
1306 2783 1430 2818 omnia
1454 2783 1547 2817 mihi
1572 2795 1646 2818 non

115 2845 267 2880 omnino
293 2844 543 2890 congruentia
568 2844 837 2890 adparuerunt.
