1762 3036
75 105 251 148 Ptilota.
720 97 957 142 CERAMIEAE.
1551 100 1602 140 77

68 219 111 240 *²¹⁴
149 217 303 260 Pinnis
332 228 443 268 δῶρα
474 215 730 267 adparenter
760 213 951 264 alternis,
984 226 1129 265 nempe
1161 211 1393 254 admodum
1412 212 1605 264 inaequa-

181 288 303 337 Zibus,
325 283 527 338 pinnulis
557 284 762 326 e'ndz'visis
793 282 1117 332 alterncmtihsus,
1140 280 1499 334 ffl'mmtijmrtite's
1530 283 1606 322 aut

178 355 370 397 minimis
401 357 476 395 aut
505 352 712 403 obsoletis,
732 350 1020 404 prcesentibus
1051 363 1162 402 scepe
1191 350 1393 403 repetitis.

67 497 103 537 8.
134 495 204 536 Pir.
235 507 505 536 OALIFORNICA
535 493 694 545 (Rupr.
725 495 866 544 mser.)
906 490 1069 532 frondis
1102 490 1602 544 decomposito-pinnatae

179 563 319 616 pinnis
351 563 395 604 in
426 562 601 603 rachide
632 560 816 613 ancipite
849 559 1055 613 oppositis
1100 559 1333 601 admodum
1379 559 1603 613 inaequali-

179 632 272 683 bus,
294 645 382 672 una
413 630 596 672 indivisa
626 629 980 682 subincenspicue
1012 627 1434 681 duplicato-serrata,
1466 627 1605 669 altera

178 699 513 753 pinnatipartita
560 711 671 751 saepe
717 697 894 738 minima
939 700 1015 738 aut
1045 695 1252 748 obsoleta,
1284 700 1360 738 aut
1391 702 1604 750 praesente

179 771 221 809 et
253 767 450 821 repetita,
482 765 681 820 pinnellis
710 765 803 807 basi
824 765 1146 819 angustioribus
1166 765 1605 807 lanceolato-lineari-

177 837 261 879 bus
293 836 519 886 cellulosiS,
552 835 861 889 sphaerosporis
884 835 928 875 in
948 834 1148 888 pinnellis
1178 835 1480 876 transmutatis
1511 835 1606 888 pin-

177 905 290 946 nulae
321 904 565 957 compositae
596 903 808 956 pinnatiin
839 902 1058 956 dispositis
1089 902 1401 956 adproximatis
1432 902 1605 943 demum

177 973 441 1027 glomeratis,
473 971 640 1013 favellis
662 971 953 1021 involucratis,
976 970 1134 1026 phyllis
1155 969 1493 1012 involucralibus
1515 984 1605 1012 ser-

177 1040 566 1095 rato-pinnatifidis
596 1039 828 1082 cellulosis.
862 1039 1000 1082 Ham).
1026 1040 1129 1082 Ner.
1153 1038 1258 1082 Bor.
1282 1038 1425 1082 Amet:
1443 1053 1488 1093 p.
1511 1040 1604 1080 222.

328 1134 393 1175 Ad
425 1132 720 1175 Californiam.

64 1275 101 1315 9.
133 1274 202 1316 PT.
234 1274 534 1315 Asprinmomns
566 1274 725 1328 (Turn.
748 1273 866 1315 He'st.
889 1273 972 1315 tab.
995 1274 1081 1330 62.)
1103 1273 1268 1316 frondis
1292 1273 1604 1328 decomposito-

175 1343 363 1396 pinnatae
396 1342 539 1396 pinnis
569 1343 614 1383 in
635 1342 812 1384 rachide
835 1343 1022 1396 ancipite
1044 1341 1164 1384 alata
1185 1344 1391 1396 oppositis
1413 1343 1605 1398 inaequa-

175 1411 300 1463 libus,
334 1425 420 1453 una
450 1411 634 1453 indivisa
665 1411 1021 1465 subinconspicue
1053 1416 1234 1463 serrata,
1257 1412 1396 1454 altera
1417 1413 1605 1466 pinnati-

174 1481 337 1534 partita
382 1495 493 1534 saepe
540 1481 745 1533 obsoleta,
778 1485 855 1523 aut
892 1485 1105 1535 praesente
1136 1485 1179 1523 et
1207 1482 1404 1536 repetita,
1438 1482 1603 1536 pinnel-

173 1549 226 1591 lis
257 1563 282 1590 a
313 1550 406 1591 basi
454 1550 608 1592 latiore
654 1550 907 1592 lanceolatis
948 1550 1178 1603 cellulosis,
1218 1550 1433 1593 fructibus
1472 1566 1605 1605 supra

177 1617 333 1659 axillas
366 1632 487 1660 secus
525 1619 764 1671 marginem
796 1622 1029 1673 utrumque
1062 1619 1245 1671 seriatis,
1294 1619 1604 1673 sphae1·0sporis

181 1687 224 1728 in
256 1688 542 1741 glomerulum
563 1688 845 1730 rotundatum
867 1689 1093 1743 congestis,
1116 1688 1282 1730 favellis
1313 1689 1604 1741 involucratis,

186 1758 396 1800 involucri
441 1758 573 1799 ramis
618 1758 912 1811 pinnatisectis
958 1758 1210 1800 articulatis.
1255 1758 1302 1800 J.
1348 1758 1430 1811 Ay.
1465 1758 1536 1812 Sp.
1558 1773 1606 1812 p.

177 1826 242 1867 98.
293 1825 428 1869 Rhod.
477 1826 764 1879 asplemssoides
826 1827 956 1868 Koite.
1007 1827 1088 1869 tab.
1145 1826 1275 1881 Phgyc.
1342 1826 1430 1870 Vol.
1486 1827 1604 1869 XII.

176 1895 258 1937 tab.
291 1895 354 1936 58.

328 1987 377 2029 In
408 1988 578 2031 Oceano
610 1989 770 2030 arctico
801 1987 857 2030 ad
901 1987 1024 2030 littus
1070 1988 1247 2031 Siberiae
1279 1992 1321 2030 et
1351 1989 1395 2030 in
1426 1988 1604 2042 pacifico

592 2056 647 2098 ad
677 2055 828 2098 littora
857 2056 1184 2099 Kamtschatkae
1215 2061 1258 2099 et
1288 2058 1508 2100 Americae.

67 2184 130 2224 10.
161 2183 230 2225 PT.
261 2197 394 2224 DENSA
425 2185 524 2237 (Agl.
569 2183 639 2237 Sp.
685 2183 783 2238 Azy.
822 2198 884 2237 μ,
917 2184 1031 2237 387.)
1077 2184 1244 2227 frondis
1290 2185 1601 2240 decomposito-

176 2251 364 2304 pinnatae
395 2253 537 2306 pinnis
583 2253 627 2293 in
672 2251 848 2294 rachide
894 2254 1349 2308 compressa—ancipite
1394 2254 1601 2308 oppositis

175 2320 474 2374 inaequalibus,
521 2335 608 2363 una
652 2321 837 2363 indivisa
889 2321 1315 2365 lanceolato—falcata
1360 2328 1602 2366 extrorsum

176 2393 355 2441 serrata,
386 2390 525 2432 altera
561 2391 797 2444 composita
834 2404 946 2444 saepe
983 2392 1239 2434 abbreviata
1277 2394 1475 2447 repetita,
1507 2393 1601 2446 pin-

175 2458 301 2500 nellis
345 2459 532 2501 incurvis
577 2464 821 2502 extrorsum
863 2460 1099 2503 divaricate
1144 2462 1388 2515 pectinatis,
1434 2461 1601 2503 laciniis

174 2526 312 2568 acutis
344 2527 615 2578 subserratis,
662 2528 972 2582 sphaerosporis
1010 2529 1055 2570 in
1086 2529 1348 2582 glomerulos
1393 2530 1601 2582 oblongos

175 2608 296 2637 secus
327 2596 566 2648 marginem.
595 2596 844 2639 interiorem
874 2597 1166 2651 pinnellarum
1198 2599 1390 2650 seriatos,
1420 2598 1601 2652 disposi-

174 2665 242 2716 tis,
276 2664 454 2706 favellis.
487 2699 494 2707 .
527 2699 535 2707 .
566 2665 611 2708 J.
643 2666 724 2721 Ay.
760 2666 831 2720 Sp.
854 2680 901 2720 p.
933 2668 999 2709 98.
1046 2666 1183 2709 Harv.
1225 2668 1328 2710 Ner.
1362 2667 1468 2710 Bor.
1501 2667 1599 2710 Am.

173 2733 255 2775 tab.
288 2733 354 2774 32.
391 2731 460 2775 Pt.
481 2735 702 2786 pectinata
733 2734 871 2778 Harv.
901 2749 971 2789 ap.
1003 2734 1193 2790 Beechey
1235 2735 1333 2791 Voy.

325 2826 374 2867 In
405 2825 574 2869 Oceano
604 2827 781 2882 pacifico
813 2829 869 2871 ad
900 2827 1194 2871 Californiam.
