1762 3036
72 121 408 174 Stenogtramma.
754 119 1036 161 GIGARTINEAE.
1522 118 1602 159 215

68 235 246 286 ΧΧΧῙΧ.
285 237 675 286 STENOGRAMMA
728 245 866 287 Harv.
922 243 1022 285 Bot.
1069 243 1221 286 Beeck.
1280 243 1380 296 Voy.
1416 256 1464 295 p.
1510 243 1603 283 408.

184 316 311 369 Phyle.
343 315 459 357 Brit.
491 317 574 358 tab.
609 317 699 357 157.
731 318 770 356 et
803 313 932 367 Phyle.
981 312 1129 354 Austr.
1174 312 1257 354 tab.
1304 312 1396 352 220.
1442 309 1488 352 J.
1522 309 1604 363 Ay.

181 383 250 437 Sp.
274 397 321 436 p.
353 384 447 425 390.

66 501 199 543 Frons
231 500 563 543 membranacea
593 501 726 559 plana
757 499 1003 542 dichotoma
1035 501 1077 539 et
1107 511 1132 538 a
1164 498 1358 551 margine
1397 495 1605 550 prolifera

177 569 324 610 stratis
357 569 525 611 duobus
556 572 775 611 contexta:
815 567 980 609 cellulis
1025 566 1303 608 interioribus
1348 564 1604 607 rotundato-

176 637 395 690 angulatis
427 638 728 691 pluriseriatis,
759 636 1037 678 corticalibus
1068 635 1245 676 minutis
1278 635 1602 676 submonostro-

174 707 355 748 maticis.
391 705 670 760 Cystoewpz‘a
692 710 856 748 costam
872 705 1163 757 interruptam
1181 703 1446 753 mentientia,
1465 702 1601 744 utrin-

175 789 258 829 que
289 776 538 829 prominula
569 779 611 817 et
641 775 872 829 pericarpii
903 773 1072 815 cellulis
1094 773 1301 826 utrinque
1322 772 1506 814 radiatis
1529 771 1602 813 de-

174 858 291 885 mum
314 844 612 885 secedentibus
634 847 799 897 aperta,
822 841 985 884 nucleis
1008 841 1205 895 pluribus
1227 839 1603 894 longitudinaliter

180 913 296 954 intra
327 916 500 966 cryptas
524 912 748 966 elongatas
771 911 953 962 seriatis,
976 910 1147 952 demum
1170 907 1485 950 confluentibus
1503 922 1602 949 con-

176 981 344 1031 stituta3
378 980 562 1022 nucleoli
592 981 636 1021 in
658 980 802 1021 media
823 983 975 1034 crypta
998 979 1127 1020 dense
1160 978 1365 1031 congesti,
1396 977 1479 1018 filis
1510 977 1602 1030 pla-

175 1049 423 1090 centaribus
455 1049 616 1102 sparsis
648 1049 828 1090 invicem
859 1048 1060 1101 separati,
1091 1048 1324 1102 gemmidia
1345 1047 1513 1088 minuta
1533 1061 1602 1088 ro-

176 1117 360 1158 tundata
392 1118 483 1159 sine
516 1118 665 1159 ordine
698 1118 926 1171 conspicuo
957 1118 1073 1158 intra
1111 1116 1289 1158 cellulas
1328 1119 1602 1171 praegnantes

175 1187 434 1241 conglobata
467 1188 746 1229 continentes.
793 1187 1106 1240 Sphoerosporae
1145 1186 1189 1227 in
1221 1185 1499 1227 nematheciis
1531 1199 1602 1227 ex-

175 1256 307 1296 ternis
330 1255 668 1309 hemispliaericis
699 1269 775 1309 per
806 1255 1004 1296 frondem
1036 1255 1196 1308 sparsis
1229 1254 1421 1306 evolutae,
1452 1254 1496 1294 in
1518 1252 1603 1294 filis

176 1323 497 1365 transformatis
530 1325 699 1365 seriatae
732 1322 927 1377 oblongae
960 1323 1184 1364 cruciatim
1216 1323 1373 1364 divisae.

175 1428 321 1469 Genus
353 1442 378 1469 a
409 1442 489 1478 me,
523 1427 668 1469 fructu
698 1441 855 1481 parum
886 1431 1125 1481 perspecto,
1150 1427 1251 1469 olim
1272 1427 1603 1481 Rhodymenieis

61 1495 259 1547 relatum,
292 1509 318 1536 a
358 1495 528 1549 Harvey
575 1495 648 1549 qui
693 1495 861 1537 fructus
907 1497 952 1536 in
997 1495 1196 1549 plurimis
1228 1496 1309 1537 rite
1355 1495 1602 1543 illustravit,

61 1564 209 1606 eodem
241 1565 484 1618 systematis
516 1563 607 1606 loco
640 1564 851 1614 relictum,
884 1578 910 1605 a
940 1564 1172 1617 Kiitzingio
1203 1564 1480 1606 Delesserieis
1526 1564 1601 1605 ad-

61 1637 350 1683 numeratum,
384 1633 511 1674 hodie
545 1633 693 1674 forsan
725 1632 878 1674 melius
901 1633 1130 1686 disponere
1151 1633 1290 1674 liceat.
1331 1631 1604 1688 Cystocarpi-

61 1716 185 1743 orum
215 1701 366 1751 forma,
393 1716 488 1756 quae
528 1715 642 1754 aegre
682 1702 924 1754 explicatur
957 1702 991 1743 si
1022 1702 1356 1756 Rhodymenieis
1388 1706 1606 1743 structura

61 1771 295 1813 consimilis
327 1770 481 1812 fuisset
514 1770 704 1821 nucleus,
737 1770 884 1812 forsan
916 1770 1067 1812 melius
1099 1769 1368 1824 intelligitur,
1401 1774 1449 1811 ut
1470 1770 1605 1824 pluri-

63 1839 143 1880 mis
175 1838 382 1880 nucleolis
428 1839 689 1892 compositus
737 1843 1010 1892 agnoscatur.
1072 1838 1166 1880 Non
1212 1839 1412 1881 obstante
1458 1839 1605 1892 itaque

62 1908 202 1950 forma
232 1909 408 1950 insolita
439 1909 819 1963 cystocarpiorum,
852 1908 996 1950 Genus
1028 1908 1071 1949 in
1103 1908 1258 1949 vicinia
1288 1907 1604 1963 Phyllophorae,

64 1976 273 2018 suadente
305 1981 525 2018 structura
556 1977 722 2018 frondis
754 1981 884 2031 atque
906 1976 1199 2028 nematheciis,
1224 1977 1350 2018 hodie
1378 1977 1606 2030 disponen-

37 2078 40 2080 -
62 2045 163 2086 dum
193 2044 310 2086 finxi.

64 2153 99 2192 1.
133 2151 198 2194 ST.
231 2165 483 2193 INTERRUPTA
514 2151 613 2204 (Ay.
649 2151 720 2204 Sp.
754 2151 851 2205 Azy.
874 2166 921 2204 p.
956 2152 1050 2205 179)
1096 2150 1248 2192 fronde
1294 2150 1606 2203 decomposito-

174 2220 422 2261 dichotoma
452 2219 708 2261 flabellatim
739 2220 972 2273 fastigiata,
997 2220 1229 2273 segmentis
1251 2219 1488 2261 linearibus
1512 2233 1606 2259 sur-

178 2303 272 2329 sum
305 2289 462 2330 sensim
495 2289 833 2342 angustioribus,
867 2289 1064 2342 apicibus
1096 2288 1339 2330 rotundatis
1362 2288 1605 2341 emargina-

174 2357 293 2398 tisve.
326 2356 370 2398 J.
403 2356 485 2410 As]-
522 2357 592 2409 Sp.
616 2372 663 2410 1).
711 2358 804 2398 391.
853 2356 991 2398 Harv.
1042 2357 1172 2410 Plasgse.
1222 2356 1338 2397 Brit.
1384 2355 1467 2397 tab.
1515 2357 1606 2396 157.

180 2425 279 2466 Ner.
313 2424 419 2466 Bor.
453 2439 533 2466 am.
568 2426 649 2467 tab.
685 2427 733 2466 19
765 2439 807 2475 0,·
858 2425 985 2479 Phyc.
1035 2429 1168 2467 (lustr.
1212 2425 1293 2466 tab.
1339 2424 1433 2464 220.
1476 2424 1605 2467 Ke'rsstz'.

175 2493 256 2535 tab.
294 2492 423 2546 Phyle.
468 2493 555 2535 Vol.
593 2493 721 2536 XVI
745 2494 827 2535 tab.
861 2495 926 2535 21.
965 2493 1217 2536 Delesscm'a
1252 2494 1493 2545 mter-orama
1524 2493 1606 2547 Ay.

176 2562 201 2602 Z.
236 2576 267 2603 0.
303 2561 437 2604 Mont.
469 2564 515 2604 in
554 2563 681 2605 chb
719 2563 782 2605 Οὐ.
815 2562 944 2616 Hisp.
985 2564 1067 2605 tab.
1101 2564 1137 2604 8.
1187 2562 1299 2604 Sten.
1344 2575 1540 2615 europoeco
1570 2566 1609 2604 et

180 2630 239 2673 St.
273 2631 531 2685 eahssformssca
564 2632 702 2674 Harv.

178 2713 287 2755 Hab.
320 2713 363 2753 in
395 2712 566 2754 Oceano
598 2714 806 2755 atlantico
839 2713 1044 2754 calidiore
1076 2712 1130 2753 ad
1163 2712 1313 2753 littora
1348 2710 1534 2765 Europae
1568 2717 1609 2754 et

67 2779 295 2833 Americae;
327 2782 371 2822 in
403 2781 581 2834 pacifico
626 2783 681 2823 ad
726 2782 848 2823 littus
895 2780 1140 2822 Californiae
1180 2784 1222 2821 et
1261 2777 1424 2831 Coreae3
1457 2781 1500 2822 in
1531 2795 1608 2822 au-

67 2849 190 2890 strali
221 2850 276 2891 ad
307 2849 471 2892 Novam
502 2850 750 2893 Zelandiam
782 2854 824 2892 et
855 2850 1144 2892 Tasmaniam.
