1757 3114
107 80 408 134 Nitophyllum.
722 81 1023 123 DELnssnfflnAE.
1540 85 1621 125 469

101 194 167 228 riae
194 205 214 227 a
237 193 481 239 Meneghinio
507 193 673 228 habitam
699 194 832 237 fuisse3
858 196 1027 229 nostram
1053 204 1199 238 quoque
1232 206 1314 229 cum
1341 194 1472 230 formis
1499 196 1543 230 D.
1572 196 1620 231 si-

100 261 226 284 nuosae
247 250 479 294 juvenilibus
506 250 605 285 haud
631 251 804 297 exiguam
829 251 990 296 prodere
1029 251 1330 287 similitudinem.
1379 253 1431 286 At
1457 253 1532 288 sori
1557 253 1620 288 Ni-

99 306 260 351 tophylli
285 307 377 340 mihi
404 307 594 342 videntur.
890 299 893 302 Α

98 400 162 441 46.
198 399 249 441 Ν.
282 399 466 442 GMELINI
496 400 644 454 (ἄνευ.
682 401 778 455 Azy.
813 401 893 443 Br.
922 415 970 454 p.
1002 402 1076 457 82)
1120 402 1272 444 fronde
1318 403 1513 457 stipitata
1555 404 1619 445 in-

207 468 325 510 ferne
370 468 599 510 obsoletius
644 484 823 511 nervosa
861 469 1298 521 cuneato-flabellata,
1337 473 1524 526 subvage
1555 473 1618 514 di-

205 537 306 585 visa,
347 536 514 578 laciniis
560 537 849 580 conformibus
895 538 1086 579 cuneatis
1119 542 1194 580 aut
1233 539 1617 594 lineari-oblongis,

204 604 300 657 plus
323 605 460 646 minus
483 605 795 659 decompositis,
818 606 1010 658 margine
1029 620 1140 647 nunc
1158 607 1390 656 undulatis,
1413 609 1529 650 venis
1548 623 1616 650 su-

204 671 493 725 perficialibus
524 673 612 714 fere
645 674 699 714 ad
731 674 872 727 apices
903 674 1159 715 laciniarum
1188 677 1526 727 excurrentibus,
1550 692 1617 719 so-

202 740 261 780 ris
293 740 426 782 lineas
459 745 664 793 angustas
702 756 822 783 secus
861 743 1076 796 margines
1115 742 1370 785 laciniarum
1401 744 1615 787 efficienti-

201 808 292 859 bus,
338 809 533 849 coccidiis
580 823 655 862 per
700 809 894 851 frondem
942 811 1206 864 superiorem
1238 813 1410 866 sparsis.
1456 813 1501 856 J.
1535 814 1616 868 Ay.

207 876 277 929 Sp.
300 890 346 929 p.
378 878 469 918 (3543.
521 878 575 919 Ν.
623 877 812 920 Gmclz'm’
858 877 980 920 Grcv.
1013 880 1038 920 l.
1069 894 1100 921 c.
1133 880 1270 922 Harv.
1321 881 1449 935 Plzgsc.
1500 882 1616 925 Brit.

202 946 284 987 tab.
308 946 398 986 235.
425 946 558 988 Seme.
583 945 771 988 Gmelim'
804 947 932 989 Kilizu
966 948 1046 990 tab.
1084 948 1212 1003 Plesgsc.
1258 950 1345 992 Vol.
1381 950 1508 993 XVI
1533 952 1615 993 tab.

202 1013 266 1054 32.
299 1012 465 1055 Deless.
499 1013 838 1057 Bonnemaisoni
868 1014 992 1057 Grev.
1033 1014 1173 1070 Crypt.
1218 1018 1286 1059 Fl.
1326 1019 1407 1060 tab.
1440 1019 1518 1060 322
1539 1020 1615 1074 fig).

201 1082 224 1122 2
256 1086 298 1123 et
329 1083 364 1123 3.

285 1150 334 1191 In
365 1150 570 1193 atlantico
603 1151 805 1194 calidiore
837 1153 890 1194 ad
922 1153 1071 1195 littora
1102 1153 1300 1208 Europae.

88 1256 154 1296 47.
187 1255 236 1297 N.
269 1269 520 1297 LAcnnA‘rmn
550 1257 670 1311 (Gm.
704 1257 821 1299 He'st.
846 1272 891 1310 p.
924 1259 1023 1313 179)
1055 1258 1206 1300 fronde
1228 1259 1425 1312 stipitata
1446 1273 1616 1301 sursum

199 1324 368 1377 longius
391 1324 561 1366 demum
584 1339 764 1367 nervosa
785 1325 1213 1368 cuneato-flabellata
1244 1327 1615 1370 dichotomo-sub-

198 1393 466 1446 pinnatifida,
514 1395 744 1446 segmentis
790 1394 1078 1437 conformibus
1111 1396 1302 1437 cuneatis
1334 1400 1410 1437 aut
1440 1396 1615 1438 lineari-

198 1462 390 1516 oblongis
423 1463 576 1516 saepius
607 1463 906 1516 decompositis
938 1467 980 1505 et
1010 1464 1203 1517 margine
1234 1464 1468 1516 undulatis,
1502 1479 1615 1507 nunc

199 1530 519 1580 subfimbriatis,
552 1532 669 1573 venis
710 1531 1052 1585 superficialibus
1084 1532 1173 1574 fere
1205 1533 1260 1574 ad
1291 1533 1433 1586 apices
1464 1533 1613 1575 lacini—

199 1613 320 1640 arum
353 1600 690 1650 excurrentibus,
724 1600 831 1641 soris
869 1600 1112 1641 rotundatis
1150 1614 1271 1642 secus
1302 1601 1539 1654 marginem
1570 1603 1613 1643 in

200 1667 335 1709 lineas
383 1668 554 1708 demum
602 1667 861 1710 confluentes
900 1668 1118 1722 dispositis
1150 1672 1226 1710 aut
1255 1669 1299 1710 in
1329 1670 1614 1722 processubus
1659 1665 1663 1669 ’

199 1735 509 1789 marginalibus
555 1736 830 1788 subsingulis,
877 1736 1073 1778 coccidiis
1115 1750 1192 1790 per
1222 1736 1416 1778 frondem
1449 1739 1613 1792 superi-

197 1818 313 1845 orem
360 1805 531 1857 sparsis.
579 1805 623 1846 J.
663 1804 742 1857 Ay.
780 1805 850 1858 Sp.
873 1820 920 1858 Ζ).
968 1806 1059 1847 658.
1109 1806 1163 1847 Ν.
1209 1806 1440 1849 laceratum
1486 1807 1611 1850 Grcv.

198 1872 333 1914 Harv.
370 1872 497 1926 Plevyc.
530 1872 611 1914 Br.
643 1874 724 1915 tab.
757 1875 848 1914 267.
898 1872 1202 1927 Cryptoplema
1248 1875 1438 1917 lacerata
1479 1876 1609 1918 Karta.

199 1942 281 1983 tab.
318 1941 451 1994 Plcyc.
509 1941 595 1982 Vol.
633 1941 760 1983 XVI
785 1942 866 1983 tab.
900 1944 950 1983 25
970 1943 1046 1996 fiy.
1079 1943 1202 1984 a—d.
1251 1943 1353 1985 Fue.
1400 1944 1612 1987 laceratus

199 2009 292 2051 Gon.
326 2010 350 2051 l.
382 2024 413 2051 c.
449 2011 580 2052 Turn.
621 2011 736 2052 Hz'st.
768 2011 849 2052 tab.
891 2012 955 2052 68.
997 2011 1047 2053 F.
1081 2011 1415 2066 Endive'oefolius
1447 2014 1612 2068 Le'yhtf.

199 2079 302 2121 θεοί.
334 2079 415 2119 tab.
448 2079 511 2119 32.
548 2079 635 2120 NJt.
671 2079 842 2122 Smithz'z·
873 2083 910 2121 et
942 2079 998 2121 N.
1031 2080 1262 2122 laceratum
1295 2079 1476 2124 Gronau.

252 2147 360 2188 Hab.
391 2147 434 2187 in
466 2146 670 2195 atlantico
702 2148 921 2202 superiore
952 2148 1007 2190 ad
1038 2149 1186 2191 littora
1216 2149 1414 2204 Europae.

174 2226 306 2260 Variat
330 2226 462 2261 fronde
488 2226 625 2260 lineari
663 2227 1177 2273 dichotomo-decomposita3
1215 2229 1347 2264 fronde
1386 2242 1534 2264 sursum
1560 2231 1611 2265 la-

84 2283 181 2319 tiore
205 2283 597 2327 palmatifido-incisa;
626 2285 721 2319 soris
749 2285 887 2320 lineam
913 2286 1161 2331 marginalem
1188 2287 1525 2330 constituentibus;
1553 2300 1609 2323 so-

83 2340 135 2374 ris
162 2341 390 2385 appendices
417 2342 640 2376 rotundatos
667 2342 850 2387 marginis
877 2343 1051 2377 undulati
1077 2344 1368 2388 occupantibus3
1394 2344 1534 2379 limites
1555 2348 1609 2379 ta-

83 2409 170 2432 men
194 2397 296 2431 inter
320 2398 456 2432 formas
483 2398 624 2433 frustra
649 2399 827 2443 quaesivi:
860 2400 898 2433 in
925 2401 1055 2434 eodem
1083 2401 1181 2434 enim
1209 2401 1413 2445 specimine
1441 2414 1544 2436 soros
1570 2406 1610 2438 et

83 2455 310 2499 marginales
338 2458 376 2489 et
401 2455 439 2488 in
466 2456 735 2499 appendicibus
763 2461 956 2501 separatos
984 2458 1074 2491 vidi.
1117 2457 1194 2492 Nec
1220 2458 1347 2501 itaque
1373 2458 1431 2493 his
1457 2459 1608 2493 charac-

84 2513 228 2547 teribus
256 2513 346 2547 duas
374 2512 534 2556 species,
560 2516 601 2547 ut
629 2513 704 2548 Cel.
733 2514 879 2548 Crouan
905 2514 1062 2558 placuit,
1089 2515 1250 2549 condere
1276 2515 1380 2549 licet.

84 2638 161 2672 47a.
188 2639 233 2673 N.
261 2650 472 2672 FIMBRIATUM
504 2637 632 2681 (Grev.
658 2641 699 2674 in
725 2639 779 2675 St.
806 2640 886 2674 Hil.
931 2639 1019 2684 Voy.
1060 2639 1185 2674 Diam.
1226 2639 1280 2673 ΙΙ.
1300 2651 1340 2684 p.
1366 2640 1447 2685 447)
1473 2640 1606 2676 fronde

175 2695 460 2730 subdichotoma
486 2694 620 2728 lineari
647 2697 865 2731 subcostata
896 2707 1058 2740 superne
1098 2697 1321 2740 subvenosa,
1358 2697 1529 2742 margine
1554 2698 1607 2734 so-

174 2752 274 2789 liolis
300 2751 454 2786 minutis
481 2752 656 2796 crispatis
683 2753 883 2789 fimbriata.
909 2753 944 2788 J.
971 2753 1042 2799 Ay.
1071 2752 1134 2799 Sp.
1159 2764 1196 2798 p.
1222 2753 1299 2787 659.

346 2808 405 2846 Ad
430 2807 641 2845 Brasiliam.
