1762 3036
68 128 319 174 Commium.
718 124 955 168 CERAMIEAE.
1524 121 1602 163 105

180 255 248 296 vix
280 252 598 307 superantibus.
632 276 682 282 —
714 251 871 292 Planta
908 249 1069 304 pusilla
1100 254 1146 293 at
1181 248 1481 301 crassiuscula,
1521 247 1604 289 cir-

183 323 288 364 citer
318 320 548 375 pollicaris.

328 389 395 430 Ad
425 389 590 430 Novam
620 387 897 430 Hollandiam
928 387 1245 430 occidentalem.

69 483 133 526 35.·
164 481 209 524 C.
242 496 537 525 OANCELLATUM
568 482 672 538 (Ay.
709 481 779 535 Sp.
803 495 851 534 p.
885 482 985 536 145)
1015 480 1168 522 fronde
1208 480 1324 522 elata
1361 493 1606 533 compressa

177 552 361 594 distiche
392 552 573 606 pinnata
593 551 735 606 pinnis
758 549 1265 603 dicheterno-pinnulatis
1298 548 1604 603 subcorymbo-

178 621 248 672 sis,
281 622 512 675 segmentis
550 619 852 662 terminalibus
899 618 1207 660 obtusiusculis
1252 617 1605 671 erecto-patenti-

176 690 268 741 bus,
301 689 499 732 articulis
531 690 742 731 diametro
764 687 1004 742 aequalibus
1026 687 1187 740 ubique
1210 687 1442 738 corticatis,
1466 685 1604 739 sphae-

175 758 365 812 rosporis
396 761 533 799 strato
565 757 758 799 ccrticali
789 756 1002 797 immersis
1026 769 1147 797 secus
1170 746 1387 810 margines
1411 768 1605 808 segmen-

175 831 319 868 torum
350 827 554 880 utrinque
585 824 958 880 longitudinaliter
990 825 1159 866 seriatis
1191 825 1363 866 demum
1384 824 1605 878 prominu-

175 895 228 937 lis
259 896 302 937 in
334 896 516 937 articulo
548 895 768 949 oppositis„
800 894 967 936 favellis
998 894 1041 935 in
1073 893 1253 948 pinnula
1283 892 1604 936 subterminali-

176 964 269 1015 bus,
308 964 516 1006 involucri
561 965 694 1005 ramis
739 963 937 1016 plurimis
984 962 1155 1004 demum
1201 961 1411 1017 elongatis
1456 961 1605 1002 divisis

176 1031 375 1073 favellam
407 1032 722 1085 superantibus.
754 1031 799 1074 J.
831 1032 912 1084 Ay.
938 1031 1009 1084 Sp.
1025 1045 1071 1084 p.
1107 1031 1198 1071 136.
1235 1029 1484 1072 Pteroeeras
1505 1043 1604 1071 ccm-

176 1101 369 1143 cellatmn
400 1104 438 1142 et
472 1100 538 1143 Pe.
560 1101 804 1154 fleruosum
853 1100 982 1142 Koite.
1030 1099 1113 1142 tab.
1149 1099 1278 1154 Phyc.
1332 1098 1420 1141 Vol.
1457 1098 1604 1140 XIII.

176 1170 258 1211 tab.
291 1170 355 1210 22.

326 1238 437 1281 Hab.
468 1238 523 1279 acl
556 1238 658 1291 Cap.
691 1238 738 1278 B.
772 1237 883 1291 Spei.

155 1331 360 1375 Segmenta
396 1329 615 1364 terminalia
656 1328 805 1363 sterilia
835 1326 1259 1363 obtusiuscula'erecta
1287 1330 1352 1362 aut
1377 1327 1516 1362 leviter
1542 1339 1605 1372 pa-

63 1386 201 1429 tentia;
227 1387 266 1420 in
292 1387 425 1431 planta
452 1385 791 1430 sphaerosporifera
817 1387 1017 1430 segmenta
1042 1384 1262 1419 terminalia
1286 1385 1334 1419 ob
1366 1383 1606 1429 sphaerospo-

62 1456 123 1478 ras
150 1444 453 1490 grandescentes
479 1443 601 1489 magis
628 1443 837 1488 divergunt
863 1446 902 1476 et
927 1443 974 1477 ob
999 1443 1107 1477 bases
1133 1442 1292 1477 latiores
1318 1441 1438 1487 magis
1467 1442 1604 1476 acumi-

62 1505 151 1536 nata
187 1501 393 1546 adparent;
431 1500 471 1535 in
508 1500 567 1534 his
604 1499 750 1534 ultiniis
777 1499 982 1543 allquando
1010 1499 1317 1544 sphae1·0sp01·an1
1344 1502 1604 1545 emergentem

62 1569 209 1602 quoque
235 1559 438 1593 observare
466 1557 570 1591 licet.

62 1628 126 1669 36.
160 1627 204 1668 (J.
236 1640 494 1668 AricULATUM
524 1626 591 1681 (J.
624 1625 705 1679 Ay.
727 1627 873 1679 mser.)
896 1625 1047 1667 fronde
1071 1625 1250 1667 elatiore
1273 1639 1519 1679 compressa
1539 1625 1605 1666 di-

177 1696 312 1737 stiche
345 1696 525 1749 pinnata
555 1695 697 1749 pinnis
720 1693 1224 1747 (lichotomo-pinnulatis
1247 1695 1604 1749 subcorymbosis,

176 1765 406 1818 segmentis
438 1764 699 1817 patentibus,
733 1763 1036 1804 terminalibus
1068 1763 1221 1805 eximie
1243 1763 1491 1805 divaricatis
1513 1763 1605 1817 api-

175 1833 341 1885 culatis,
373 1833 566 1874 articulis
597 1832 875 1874 inferioribus
898 1832 1109 1873 diametro
1132 1832 1487 1874 subbrevioribus
1508 1833 1605 1874 ubi—

175 1917 258 1957 que
289 1902 520 1954 ccrticatis,
553 1902 864 1956 sphaerospcris
903 1905 1040 1943 strato
1080 1901 1274 1943 corticali
1311 1902 1523 1943 immersis
1562 1902 1605 1942 in

176 1971 407 2025 segmentis
439 1959 791 2025 antepenultimis
823 1971 1101 2011 circumcirca
1131 1970 1412 2022 verticillatis,
1445 1971 1488 2012 in
1509 1986 1604 2012 ver-

173 2039 306 2080 ticillc
338 2039 548 2093 pluribus,
574 2053 729 2093 parum
751 2039 1020 2093 prominulis‚
1043 2038 1223 2081 favellis.
1257 2073 1264 2080 .
1299 2073 1306 2080 .
1339 2073 1346 2080 .
1381 2038 1472 2081 Cer.
1504 2054 1605 2082 can-

174 2108 368 2150 cellatum
399 2108 538 2150 Harv.
572 2108 640 2151 Fl.
677 2109 782 2153 Nov.
816 2109 903 2151 Zel.
936 2109 1004 2151 II.
1027 2123 1075 2162 ρ.
1107 2110 1200 2151 256.
1221 2109 1302 2163 fid.
1335 2109 1471 2162 spec!

327 2177 393 2218 Ad
424 2177 587 2219 Novam
621 2177 883 2219 Zelandiam.

152 2268 313 2303 Habitus
341 2269 423 2303 Cer.
450 2269 665 2314 cancellati,
691 2273 729 2304 at
754 2269 1004 2315 microsccpic
1029 2271 1233 2305 observata
1252 2270 1382 2305 statim
1403 2271 1606 2305 diversita-

62 2331 140 2361 tem
165 2327 344 2371 prodens.
394 2327 503 2362 Rami
528 2329 648 2362 multo
674 2328 795 2373 magis
822 2330 1012 2372 patentes,
1039 2328 1264 2363 terminales
1292 2328 1491 2363 divaricati
1511 2331 1549 2362 et
1567 2329 1606 2362 in

64 2384 253 2429 apiculum
290 2385 443 2418 mollem
480 2385 566 2429 (nec
592 2385 631 2418 in
657 2386 893 2430 mucronem)
931 2389 1195 2420 excurrentes.
1246 2386 1529 2431 Sphaerosporae
1566 2386 1606 2420 in

4 2457 10 2462 ·
62 2441 220 2475 ramulis
252 2441 331 2474 fere
370 2442 696 2486 antepenultimis,
735 2442 807 2477 alio
844 2446 1022 2488 respectu
1049 2455 1070 2476 a
1096 2444 1292 2478 sterilibus
1331 2456 1405 2478 non
1443 2444 1604 2477 diversis

65 2499 241 2541 evolutae,
279 2501 388 2531 extra
420 2499 599 2533 corticem
627 2501 690 2533 vix
726 2500 965 2545 prominulae,
1004 2501 1042 2535 in
1070 2501 1259 2536 verticillo
1284 2503 1374 2536 6-ss
1400 2505 1438 2535 et
1462 2502 1603 2546 plures.

63 2555 107 2588 In
134 2555 296 2589 Grunow
321 2555 469 2589 Novara
494 2568 529 2600 p.
556 2557 610 2590 64.
648 2557 730 2590 haec
769 2557 914 2602 species
938 2558 1014 2600 jam
1042 2558 1226 2596 indicata:
1265 2570 1322 2591 me
1345 2558 1473 2602 jndice
1501 2559 1604 2594 nullo

63 2613 173 2648 modo
201 2624 284 2647 cum
311 2624 384 2646 una
410 2616 473 2646 aut
499 2613 619 2648 altera
643 2613 763 2648 forma
789 2614 951 2659 Capensi
979 2615 1021 2649 C.
1046 2615 1249 2649 cancellati
1274 2615 1552 2660 conjungenda.

163 2708 211 2759 b)
246 2706 563 2759 Sphoerospom‘s
593 2708 639 2748 in
668 2707 854 2749 ramulis
884 2708 1294 2762 subtransformatis
1324 2708 1512 2750 evolutis.

65 2786 130 2827 37.
164 2785 208 2830 C.
241 2799 530 2827 s'ricnnimsnM
562 2787 629 2840 (J.
663 2787 743 2840 Ass.
775 2789 921 2842 mser.)
968 2787 1118 2829 fronde
1157 2788 1428 2841 subancipite
1465 2789 1603 2830 utrin-

178 2869 260 2909 que
292 2869 318 2896 a
349 2856 542 2909 margine
574 2856 756 2898 distiche
788 2857 968 2909 pinnata
999 2857 1141 2910 pinnis
1179 2857 1603 2912 dichotomo-pinnu-
