1757 3114
84 118 164 159 236
715 119 997 161 GIGARTINEAE.
1326 119 1617 177 Gnllophyllis.

174 232 264 266 Haec
290 244 374 266 cum
400 232 652 267 antecedente
679 234 837 268 eandem
868 233 1073 268 formarum
1100 235 1237 269 seriem
1262 247 1487 281 percurrere
1513 236 1616 271 vide-

83 290 162 325 tur:
188 288 375 332 positione
403 289 591 323 fruetuum
618 290 787 324 diversas
817 290 1029 335 suspicatus
1057 303 1150 325 sum.
1200 293 1288 336 Quae
1315 294 1355 327 in
1382 294 1512 339 Crypt.
1539 297 1615 328 ant.

83 348 353 379 enumerantur
379 346 601 390 varietates,
628 358 674 381 ex
699 347 745 381 iis
778 347 972 381 nonnullae
1012 348 1134 391 quoad
1171 349 1456 394 dispositionem
1495 353 1617 395 cyste-

82 402 294 447 carpioruni
323 403 369 436 ad
396 402 434 436 C.
462 406 648 448 teneram,
675 404 759 438 aliae
786 404 832 438 ad
859 404 897 438 C.
930 405 1166 451 variegatam
1196 407 1391 451 pertinere
1425 408 1616 453 videntur,

82 459 157 494 nisi
184 460 348 504 speciem
375 462 420 495 ab
446 464 606 505 utraque
633 462 822 497 diversam
848 463 1068 498 formarent.
1120 464 1343 510 Comparata
1368 469 1561 500 structura
1578 466 1617 500 in

84 517 124 551 C.
152 517 348 562 variegata
373 518 536 553 ehilensi
563 522 723 554 stratum
750 519 899 554 filorum
926 523 1303 566 anastomosantium‚
1329 525 1484 558 cellulas
1503 524 1616 568 majo-

81 586 141 607 res
168 574 429 618 ambientium,
468 576 587 610 multo
625 577 745 622 magis
784 578 976 612 evolutum
1004 578 1127 623 video,
1154 591 1264 623 qnam
1289 580 1329 614 in
1357 581 1393 615 C.
1421 580 1618 625 variegata

80 643 99 665 e
125 632 343 677 Kerguelen
369 633 488 668 Land.
522 634 574 668 At
599 635 818 680 specimina,
836 647 919 679 quae
938 648 957 670 e
975 636 1044 671 hac
1063 637 1219 682 regione
1239 637 1331 682 vidi,
1351 642 1440 672 sunt
1459 639 1616 673 nimium

84 688 318 733 incompleta
342 701 454 734 quam
479 693 521 725 ut
546 694 692 725 certum
714 692 899 736 judicium
925 693 971 727 de
996 693 1043 728 iis
1070 694 1170 728 ferre
1195 694 1344 729 liceret.

615 786 782 839 Species
812 789 1087 840 iozquircudce.

79 878 125 932 a)
156 890 206 917 ex
241 876 404 918 Oceano
442 878 630 920 australi
672 879 838 921 Novam
878 880 1135 923 Zelavdmm
1172 885 1210 923 et
1244 883 1297 924 N.
1331 882 1617 925 Hollaozdzfcmn,

751 948 944 990 alluente.

84 1024 129 1065 O.
160 1038 366 1066 ASPERATA
399 1026 536 1068 Harv.
572 1027 638 1068 R.
676 1028 782 1069 Nov.
815 1028 974 1081 26110.
1008 1031 1101 1071 250.

80 1091 125 1133 C.
160 1106 427 1136 OERVICORNIS
463 1094 589 1137 Sond.
620 1097 666 1137 ‘m
697 1096 826 1138 Lima.
865 1097 1010 1139 XXV
1029 1113 1076 1151 y).
1108 1100 1200 1141 678.

84 1160 128 1201 C.
162 1177 381 1205 AUSTRALIS
417 1164 543 1206 Sond.
574 1165 621 1206 sin
652 1165 749 1218 Algs.
774 1167 933 1218 prciss.
955 1182 1003 1220 2).
1038 1168 1129 1208 175.

78 1229 123 1272 C.
154 1246 410 1274 MlcnocARPA
443 1234 634 1276 Zcmcard.
671 1234 800 1289 Phyle.
833 1251 924 1278 nov.
956 1251 1024 1279 mo
1056 1238 1120 1279 26.

78 1336 178 1377 Obs.
238 1336 422 1378 Nomine
452 1337 760 1392 Rhodymeniae
791 1339 1048 1381 dichotomae
1080 1342 1241 1394 species
1273 1357 1381 1384 nova
1401 1345 1445 1385 in
1468 1342 1613 1398 Crypt.

190 1409 373 1446 antarct.
405 1406 625 1459 descripta
656 1411 697 1448 et
727 1408 813 1449 tab.
848 1410 898 1448 72
930 1409 1000 1463 fig.
1025 1412 1044 1450 1
1070 1410 1240 1464 depicta
1270 1411 1364 1463 suit,
1391 1427 1485 1466 quae
1507 1413 1614 1454 mihi

128 1475 131 1477 ’
190 1475 339 1526 ignota
369 1475 510 1516 adhuc
538 1479 695 1516 manet.
755 1477 805 1517 111
843 1476 1014 1530 Species
1050 1478 1196 1532 Algar.
1235 1494 1274 1532 p.
1307 1482 1387 1522 746
1425 1480 1613 1535 Kiitzing

191 1543 302 1584 hanc
333 1544 517 1596 speciem
549 1545 604 1585 ad
636 1543 994 1600 Callophyllidem
1017 1548 1177 1600 retulit,
1203 1550 1432 1602 specimine
1455 1551 1612 1591 exami-

190 1615 293 1653 nato
347 1612 462 1665 quod
515 1613 744 1667 Kiitzingio
790 1616 1120 1657 communicavit
1165 1616 1337 1658 Binder.
1412 1618 1461 1659 In
1509 1618 1612 1660 Tab.

189 1680 317 1734 Phyc.
349 1680 440 1721 Vol.
472 1680 593 1721 XVII
624 1681 711 1723 tab.
746 1684 793 1723 91
828 1682 941 1724 idem
974 1685 1188 1737 specimen
1210 1685 1517 1728 Binderianum
1538 1687 1611 1728 cle-

191 1748 397 1801 pingitur,
430 1748 523 1790 loco
556 1749 692 1791 natali
723 1753 822 1791 vero
854 1765 939 1792 non
971 1750 1193 1806 Gampbell
1216 1754 1384 1796 Islands
1406 1756 1475 1809 (ut
1495 1756 1611 1809 apud

190 1815 364 1857 Hooker
395 1821 437 1858 et
458 1817 502 1858 in
524 1817 715 1870 Specieb.
739 1818 881 1871 Algar.
904 1820 1146 1874 K'utzingii)
1169 1822 1242 1863 sed
1265 1822 1395 1864 Porto
1419 1822 1608 1873 Cabello,

190 1884 303 1937 quod
335 1884 391 1925 ad
421 1885 542 1926 littus
573 1887 780 1928 Americae
812 1889 1105 1930 meridionalis
1136 1891 1311 1943 tropicae
1341 1891 1470 1932 situm
1493 1893 1610 1933 novi-

189 1966 296 1993 mus.
356 1952 465 1993 Hinc
497 1953 676 1995 dubium
707 1969 762 1996 an
794 1955 872 1997 Rh.
905 1957 1149 1999 dichotoma
1181 1958 1315 1999 Hook.
1348 1962 1390 1999 et
1418 1958 1546 2000 Harv.
1570 1964 1611 2001 et

190 2019 382 2074 Calloph.
415 2021 659 2063 dichotoma
690 2023 816 2064 Kiitz.
848 2025 1028 2066 eandem
1060 2026 1243 2078 speciem
1265 2040 1415 2068 revera
1437 2031 1610 2080 spectet.

434 2126 481 2180 b)
514 2126 585 2167 Ex
621 2127 782 2170 Oceano
804 2130 987 2183 pacifico
1018 2132 1247 2183 svzperz'ore.

78 2215 121 2256 G.
155 2230 481 2258 RHYNCHOCARPA
516 2217 653 2270 Rupr.
687 2219 784 2273 Alq.
823 2220 959 2262 Oehot.
982 2236 1030 2274 p.
1061 2223 1113 2263 68
1146 2223 1227 2264 tab.
1265 2224 1326 2264 13.
1359 2238 1385 2265 a
1405 2223 1512 2265 Call.
1534 2223 1610 2265 fla-

189 2285 351 2326 bellata
383 2285 511 2326 Harv.
544 2286 715 2328 videtur
746 2288 927 2330 diversa.

77 2441 213 2492 LXVI.
251 2442 633 2493 CROSSOCARPUS
673 2454 808 2506 Rupr.
842 2454 940 2508 Azy.
976 2455 1113 2497 Ochot.
1143 2470 1185 2508 29.
1216 2458 1281 2497 72.

78 2559 213 2600 Frons
244 2559 777 2600 carnoso-membranacea
821 2557 951 2610 plana
996 2559 1214 2607 laciniata,
1261 2561 1409 2601 stratis
1442 2560 1608 2602 duobus

192 2631 410 2672 contexta:
443 2628 647 2668 interiore
681 2626 845 2667 cellulis
868 2627 1112 2668 rotundatis
1135 2630 1301 2681 magnis
1322 2628 1608 2682 pluriseriatis

192 2699 234 2736 et
265 2694 510 2748 superficies
553 2709 699 2736 versus
739 2695 987 2740 minoribus,
1030 2697 1328 2750 meatibusque
1363 2697 1608 2738 intercellu-

191 2765 369 2812 laribus,
403 2764 735 2806 endochromate
768 2764 941 2817 repletis
968 2765 1317 2818 triangularibus.
1340 2780 1417 2819 per
1439 2766 1608 2807 canales

191 2834 407 2874 tenuiores
439 2834 551 2874 inter
582 2833 759 2874 cellulas
805 2834 1247 2885 anastomosantibus3
1294 2834 1484 2875 corticali
1524 2835 1607 2875 cel-
