1762 3036
672 112 955 153 GIGARTINEAE.
1510 112 1529 151 1
1538 110 1589 151 73

163 225 365 267 Attamen
397 227 497 265 sunt
529 224 678 266 formae
711 223 992 275 intermediae,
1016 238 1112 278 quae
1145 224 1433 265 distinctionis
1465 226 1590 263 notas

53 295 131 337 hoc
162 293 253 335 loco
285 292 502 335 exhibitas
533 293 675 334 minus
707 291 895 334 reddunt
925 296 1078 334 certas.
1141 292 1471 346 Grateloupieas
1503 290 1590 332 for-

52 378 129 405 san
160 361 423 415 Gigartineis
455 361 785 416 propinquiores
824 360 1099 402 considerare
1139 364 1399 415 opporteret,
1437 359 1591 401 habitu

53 434 269 473 structura
315 429 533 471 frondium
566 435 608 471 et
637 429 910 472 formationis
949 429 1075 471 modo
1117 430 1257 472 nuclei
1288 429 1406 471 haud
1435 442 1591 482 parum

53 498 416 547 convenientibus3
456 499 600 540 obstat
638 502 782 540 tamen
826 497 940 551 quod
982 497 1166 540 nucleoli
1198 499 1243 539 in
1273 497 1591 550 Grateloupieis

52 566 270 609 sterilibus
301 567 501 620 partibus
534 567 604 608 vix
636 569 906 620 separantur,
941 570 984 607 et
1015 565 1192 607 nucleus
1223 569 1432 618 maturus,
1465 565 1500 607 si
1522 579 1589 606 re-

50 649 152 679 vera
182 635 455 689 compositus,
489 636 741 690 adspectum
773 635 906 677 habet
936 634 1076 677 nuclei
1109 635 1332 689 simplicis3
1365 638 1588 689 carposto-

50 706 183 747 mium
215 705 322 747 bene
353 705 571 747 evolutum
602 706 646 746 in
684 704 1004 758 Grateloupieis
1042 718 1214 759 quoque
1252 704 1389 746 adest.
1448 704 1590 745 Aliam

50 788 76 815 a
110 773 279 827 vulgari
325 772 778 828 Cocciospermearum
825 776 1045 815 structura
1089 773 1383 827 exceptionem
1428 775 1591 826 praebet

49 841 329 893 Furcellaria,
363 845 416 883 ab
448 842 543 884 aliis
576 842 773 885 omnibus
814 841 1023 883 Florideis
1055 841 1117 883 ita
1148 842 1372 893 abludens,
1405 846 1453 883 ut
1485 855 1590 896 quo-

49 925 230 965 cumque
262 911 356 954 loco
388 912 645 966 disponatur
684 915 801 954 certo
848 915 1048 965 respectu
1094 912 1315 955 abnormis
1361 912 1588 954 videbitur.

49 980 112 1022 Ad
147 980 343 1023 ordinem
375 982 440 1023 sui
466 981 577 1036 juris
608 982 722 1023 inter
754 979 1127 1035 Cocciospermeas
1159 982 1327 1024 interea
1357 980 1500 1022 retuli.

371 1216 535 1285 Onne
586 1219 682 1287 ΙΙΙ.
781 1219 1258 1288 GlGARTlNEAE.

162 1392 282 1447 Algae
314 1393 603 1435 inarticulatae
642 1393 807 1436 cellulis
847 1394 1120 1438 filiformibus
1160 1396 1458 1439 rotundatisve
1490 1398 1587 1440 bre-

49 1460 237 1503 vioribus
270 1465 493 1508 contextae,
526 1476 717 1504 carnosae
749 1467 825 1504 aut
855 1463 1029 1505 elastice
1062 1465 1323 1517 gelatinosae.
1366 1465 1591 1521 Cystocar-

49 1530 123 1582 pia
152 1528 297 1571 frondi
329 1530 533 1571 immersa
565 1535 607 1572 et
638 1530 798 1581 clausa,
840 1546 952 1573 nunc
984 1533 1102 1574 intra
1131 1534 1422 1588 pericarpium
1453 1540 1592 1578 exter·

49 1611 153 1639 num
183 1602 374 1651 excepta,
407 1599 606 1640 nucleum
638 1600 935 1652 compositum„
983 1600 1252 1655 disruptione
1297 1603 1435 1656 partis
1481 1618 1591 1657 prae-

51 1667 224 1718 gnantis
256 1667 527 1721 (saepissime)
569 1667 814 1719 liberatum,
854 1669 1138 1721 continentia3
1176 1671 1361 1713 nucleoli
1398 1672 1591 1727 undique

50 1738 92 1775 et
123 1735 213 1777 sine
246 1735 398 1777 ordine
430 1736 659 1789 conspicuo
691 1736 994 1790 adproximati,
1027 1738 1110 1780 filis
1141 1738 1464 1792 placentaribus
1486 1742 1591 1783 reti-

49 1802 226 1844 culatim
258 1803 549 1846 ambientibus
594 1808 670 1846 aut
707 1805 946 1858 parietibus
979 1806 1235 1849 cellularum
1272 1810 1592 1863 praegnantium

49 1872 230 1914 invicem
262 1873 465 1926 separati,
498 1873 877 1916 transformatione
909 1875 1076 1918 cellulae
1108 1891 1183 1918 seu
1215 1878 1389 1920 articuli
1419 1878 1592 1921 filorum

50 1941 333 1983 ambientium
364 1940 551 1991 formati,
584 1942 817 1996 gemmidia
847 1944 1053 1997 pauciora
1091 1950 1166 1987 aut
1205 1946 1403 2000 plurima,
1439 1952 1591 1990 rotun-

51 2008 396 2062 dato-angulata,
431 2010 547 2052 nullo
586 2011 736 2053 ordine
776 2013 1005 2066 conspicuo
1036 2014 1306 2068 conglobata,
1339 2017 1593 2060 membrana

36 2075 217 2120 ‘cellulae
249 2079 515 2132 praegnantis
547 2079 748 2128 cohibita,
783 2079 985 2123 foventes.
1046 2081 1365 2138 Spliaerosporae
1405 2099 1517 2140 saepe
1548 2087 1593 2128 in

51 2159 170 2188 soros
219 2146 338 2187 intra
392 2146 588 2189 frondem
634 2148 822 2190 collectae
854 2153 930 2191 aut
975 2150 1019 2191 in
1066 2151 1347 2195 nematheciis
1402 2155 1592 2196 externis

51 2215 233 2266 seriatae,
265 2229 377 2256 nunc
408 2215 452 2257 in
485 2220 621 2259 strato
653 2218 845 2260 corticali
877 2233 1033 2272 parum
1064 2224 1230 2265 mutato
1262 2226 1339 2264 aut
1369 2224 1591 2266 nemathe—

52 2283 166 2326 cioso
199 2297 375 2337 sparsae,
405 2285 632 2327 cruciatim
663 2290 740 2328 aut
771 2288 957 2329 zonatiin
988 2288 1147 2330 divisae.

164 2363 325 2406 Nucleo
358 2366 605 2419 composito,
640 2367 844 2409 nucleolis
882 2368 1154 2419 inordinatis,
1179 2370 1304 2424 quasi
1326 2370 1517 2425 undique
1549 2371 1593 2412 in

51 2432 251 2474 nucleum
297 2432 612 2477 confluentibus
658 2435 920 2489 Gigartineae
952 2450 979 2478 a
1008 2436 1221 2479 Florideis
1259 2438 1456 2492 plurimis
1488 2438 1591 2481 faci-

51 2500 136 2543 lius
168 2500 491 2555 dignoscantur.
532 2503 581 2544 In
612 2503 1016 2558 Nematospermeis,
1050 2519 1236 2559 quarum
1267 2507 1445 2548 nucleus
1476 2521 1590 2549 com-

52 2569 217 2622 positus
249 2570 420 2622 dicitur,
452 2572 637 2614 nucleoli
668 2574 783 2615 circa
813 2574 1074 2628 adparatum
1105 2574 1398 2629 placentarem
1429 2581 1591 2619 certam

52 2638 310 2693 (radiatam)
341 2644 515 2681 servant
545 2641 887 2695 dispositionem3
919 2643 1104 2685 nucleoli
1136 2658 1308 2698 quoque
1340 2645 1426 2687 alio
1448 2645 1589 2697 modo,

51 2706 270 2748 mediante
316 2706 533 2761 adparatu
577 2710 752 2764 proprio
797 2711 969 2753 filorum
1015 2712 1247 2765 gemmidia
1275 2715 1589 2767 generantium,

52 2774 148 2827 orti,
179 2773 284 2816 dum
313 2774 358 2816 in
388 2774 651 2830 Gigartineis
681 2777 845 2820 cellulae
876 2778 1043 2822 frondis
1075 2779 1235 2822 sterilis
1256 2779 1346 2823 fere
1367 2782 1590 2825 immedia-

52 2842 131 2884 tim
161 2843 206 2885 in
236 2841 455 2887 nucleolos
486 2843 650 2889 fertiles
680 2849 1045 2891 transmutantur.
