1757 3114
89 78 416 133 Nitrophyllam.
739 79 1041 120 Dnnnssnnfflffi.
1524 77 1604 117 447

79 194 145 234 An
175 193 320 245 itaque
350 191 396 232 in
426 192 494 232 his
525 190 770 232 differentia
800 189 970 230 adesset
999 188 1103 230 mihi
1135 203 1218 230 non
1254 189 1401 243 liquet.
1460 188 1605 230 Cocci-

80 261 149 302 dia
179 262 222 302 in
253 273 339 301 una
368 260 527 314 pagina
564 260 701 314 magis
739 271 870 312 quani
900 257 944 297 in
974 256 1113 297 altera
1150 257 1395 310 prominula
1424 257 1467 298 in
1498 271 1603 298 non-

78 329 206 370 nullis
236 329 343 379 vidi3
375 342 431 369 an
461 328 697 382 aliquando
728 327 843 386 venis
874 329 1004 367 antea
1034 324 1230 367 formatis
1261 326 1461 380 imposita
1507 327 1604 373 sint,

78 397 214 450 magis
244 396 406 439 dubito.

188 464 310 514 Quod
340 465 525 518 denique
571 461 922 517 Arachnophylla
965 462 1133 513 attinet,
1180 466 1327 504 utrum
1371 463 1523 505 melius
1562 464 1606 504 in

78 533 244 574 Genere
276 533 451 586 proprio
481 547 537 574 an
567 533 681 574 inter
712 530 961 585 Nitophylla
991 530 1288 584 disponantur,
1322 531 1373 573 de
1404 532 1483 574 hoc
1515 546 1605 574 cer-

76 601 161 642 tius
193 600 297 655 quid
330 604 522 642 statuere
552 601 622 642 vix
652 601 764 651 licet,
796 599 992 641 coccidiis
1024 598 1165 640 adhuc
1196 599 1365 653 ignotis.
1416 601 1606 643 Praema-

76 673 222 711 turum
251 684 350 712 vero
382 670 529 724 putavi
574 670 719 712 Genus
759 670 849 723 jam
894 667 1114 709 conditum
1160 668 1336 710 abolere
1367 672 1410 711 et
1439 670 1501 711 ita
1530 685 1606 712 no-

77 739 193 780 mina
218 738 307 792 jam
338 739 517 780 nimium
560 742 728 780 mutata
771 735 961 791 periculo
1007 750 1124 778 novae
1169 737 1420 779 mutationis
1451 739 1606 780 iterum

78 821 300 861 exponere.

190 875 240 916 In
271 875 494 928 speciebus
539 873 833 917 describendis
881 886 1009 915 venas
1055 873 1346 927 superficiales
1382 878 1426 915 et
1455 888 1607 917 nervos

78 943 303 985 interiores
350 943 615 997 distinguere
661 943 898 996 periculum
943 941 1036 983 feci.
1099 941 1237 983 Venas
1282 942 1608 998 prolongatione

79 1011 268 1065 quadam
313 1011 568 1053 cellularum
615 1010 883 1053 corticalium
915 1011 1019 1052 oriri
1050 1011 1196 1064 palam
1228 1015 1308 1063 est;
1340 1011 1450 1053 hanc
1481 1027 1608 1054 vena-

79 1094 175 1129 rum
207 1079 507 1121 formationem
529 1094 626 1121 cum
649 1080 937 1122 subdivisione
958 1079 1212 1120 cellularum
1234 1080 1488 1123 interiorum
1510 1096 1610 1123 con-

76 1149 269 1203 junctam
300 1162 404 1197 esse,
436 1149 480 1190 in
511 1150 658 1190 multis
691 1163 861 1203 quoque
892 1139 1092 1201 adparet3
1125 1161 1179 1188 an
1212 1148 1254 1188 in
1286 1150 1484 1192 omnibus
1515 1164 1609 1192 sen-

83 1218 160 1258 sim
192 1218 401 1268 obveniat,
433 1219 588 1259 nescio.
639 1217 748 1259 Sunt
777 1231 876 1259 vero
907 1216 1004 1259 aliae
1036 1220 1197 1271 species
1228 1218 1270 1258 iu
1304 1219 1460 1272 quibus
1493 1233 1609 1261 venae

80 1284 369 1339 superficiales
414 1287 555 1327 minus
599 1287 850 1340 conspicuae,
883 1290 927 1327 at
958 1287 1076 1328 nervi
1107 1291 1325 1329 costarum
1370 1287 1426 1328 ad
1472 1287 1611 1329 instar

81 1354 348 1407 proveniunt,
380 1354 635 1396 cellularum
665 1355 918 1396 interiorum
950 1355 1103 1409 majori
1133 1356 1373 1398 evolutione
1404 1359 1447 1397 et
1467 1359 1609 1397 trans-

83 1422 331 1464 mutatione.

79 1547 111 1589 Ι.
141 1548 490 1590 AGLAOPHYLLUM.
532 1548 702 1590 Fronde
745 1550 906 1602 saepias
952 1551 1206 1592 tenuissima
1237 1554 1275 1592 et
1305 1550 1394 1592 zaete
1424 1552 1611 1593 coccinea

184 1616 289 1669 plns
319 1618 461 1658 minas
491 1616 575 1659 late
605 1617 937 1669 membranacea,
969 1618 1204 1661 dichotonza
1225 1622 1301 1660 aab
1319 1619 1612 1672 sabpinnatim

190 1684 344 1736 lobata,
388 1686 541 1727 avenia
586 1689 662 1726 aaz}
705 1699 872 1737 venosa,
903 1687 949 1728 in
979 1686 1197 1729 nonnullis
1227 1689 1427 1741 stipitata
1455 1692 1493 1730 et
1521 1690 1611 1730 ima

191 1753 288 1795 basi
316 1766 521 1804 nervosa;
552 1755 666 1795 soris
687 1767 770 1807 per
791 1754 995 1807 frondem
1034 1757 1205 1808 sparsis
1234 1757 1477 1798 rotundatis
1507 1757 1612 1799 ocel-

189 1820 306 1871 latis,
338 1821 552 1864 maculam
581 1823 856 1864 rotundatam
885 1822 1192 1876 sphaerosporis
1221 1825 1487 1878 varieyatam
1509 1826 1602 1879 for·

193 1889 420 1932 mantibus.

78 1992 98 2013 ’¹‘
135 1991 304 2035 Fronde
324 1994 578 2035 tenuissima
590 1994 689 2048 fere
710 1994 866 2046 sessili,
889 1995 1005 2037 venis
1027 1996 1368 2050 superficialibus
1399 1998 1614 2040 destituta.

82 2085 118 2126 1.
149 2084 199 2127 N.
230 2098 498 2126 PULCHELLUM
541 2085 703 2140 (Harv.
756 2086 913 2129 Trans.
948 2088 1010 2129 Ir.
1043 2087 1180 2130 Acad.
1231 2087 1318 2130 Vol.
1357 2089 1408 2129 22
1431 2102 1479 2142 p.
1512 2090 1613 2144 549)

189 2152 341 2195 fronde
373 2154 595 2197 subsessili
627 2159 753 2197 tenue
790 2156 1123 2198 membranacea
1168 2158 1319 2199 avenia
1349 2158 1612 2199 dichotomo-

198 2222 433 2277 fastigiata,
465 2225 693 2278 segmentis
724 2224 961 2268 linearibus
983 2226 1240 2278 cuneatisve,
1263 2227 1457 2281 margine
1478 2226 1613 2268 undu-

346 2373 472 2409 Genus
498 2374 592 2409 mihi
616 2376 810 2421 ignotum:

82 2443 333 2478 ASPIDOPHORA
359 2443 478 2478 Mont.
505 2443 569 2479 Fl.
596 2444 690 2480 Cha.
725 2446 832 2480 VIII
845 2458 886 2491 p.
913 2447 991 2481 287.

83 2511 203 2547 Frons
240 2513 542 2557 membranacea,
578 2513 988 2560 hyalino—punctulata,
1032 2516 1226 2560 venulosa,
1265 2515 1414 2550 venulis
1452 2516 1611 2551 ramosis

174 2569 545 2604 anastomosantibus
570 2570 820 2606 tenuissimis.
872 2572 1148 2617 Conceptacula
1178 2574 1343 2615 exserta,
1380 2573 1462 2607 basi
1488 2583 1611 2608 coarc-

175 2628 266 2669 tata,
292 2624 555 2670 peltaeformia.
605 2625 732 2671 Sporae
759 2628 799 2661 in
825 2628 1046 2673 perisporiis
1084 2628 1225 2663 innatae
1258 2628 1464 2673 continuis,
1489 2640 1508 2664 e
1534 2630 1613 2674 pla-

174 2684 286 2716 centa
308 2681 465 2717 basilari
491 2682 642 2717 erectis.
692 2683 840 2719 Caetera
864 2687 906 2718 ut
931 2685 970 2718 in
996 2684 1230 2729 Nitophyllo.

88 2750 170 2786 As12.
196 2751 457 2786 GAUDICHAUDII
484 2751 603 2787 Mont.
630 2752 654 2787 l.
679 2763 708 2787 c.
736 2754 807 2788 tab.
836 2755 889 2788 15.
909 2754 978 2798 fiy.
1005 2755 1037 2788 3.
1064 2754 1159 2798 Syll.
1181 2766 1220 2798 p.
1246 2755 1325 2789 408.

349 2809 407 2843 Ad
432 2820 515 2844 oras
541 2809 751 2845 Chilenses.
