1757 3114
92 96 172 137 682

90 208 299 243 minoribus
324 205 606 253 pauci-seriatis
626 209 691 241 aut
708 203 1125 241 submonostromaticis
1151 205 1386 239 contextum.
1428 203 1626 248 Cystocar-

91 265 153 309 pia
177 264 280 299 intra
303 264 461 311 paginas
498 263 677 307 utrinque
714 261 947 307 prominulas
980 260 1060 295 fere
1084 260 1125 294 in
1150 260 1275 295 medio
1300 259 1528 303 nidulantia,
1554 258 1628 293 filis

92 322 301 358 laxioribus
328 320 582 357 ambientibus
608 319 789 355 cohibita.

92 390 388 433 CRYPTONEMIA
418 403 632 431 LATISSIMA
662 388 729 443 (J.
761 388 842 441 Ay.
875 388 1022 439 mser.)
1053 386 1313 437 caulescens,
1344 385 1466 427 caule
1496 386 1540 427 in
1567 385 1629 427 la-

206 460 366 501 minam
397 457 573 512 planam
612 455 1099 510 oblongo-rotundatam
1136 453 1496 506 inciso-lobatam,
1535 454 1630 495 basi

206 526 579 570 subreniformiter
625 524 851 565 dilatatam
898 521 1277 576 simpliciusculam
1325 526 1401 564 aut
1445 521 1557 564 lobis
1587 522 1631 562 in

207 596 353 638 foliola
374 594 719 636 excrescentibus
741 593 1104 646 subcompositam
1126 591 1324 642 abeunte,
1348 591 1491 644 stipite
1512 591 1631 632 brevi

205 668 325 705 costa
354 677 453 705 mox
484 666 761 704 evanescente
792 660 1044 703 brevissima
1074 660 1336 708 continuato,
1368 658 1471 700 folio
1500 658 1630 700 lobis—

206 746 288 786 que
320 730 560 782 enervibus,
593 729 871 785 cystocarpiis
903 728 1025 770 initio
1048 727 1240 769 maculas
1270 727 1527 779 indefinitas,
1558 727 1631 768 de-

206 815 323 842 mum
354 803 491 841 totam
522 798 788 853 superiorem
819 800 987 851 partem
1019 795 1184 837 frondis
1223 795 1382 838 adultae
1420 808 1631 849 occupan-

205 870 333 921 tibus,
366 868 456 910 sine
488 867 638 909 ordine
670 866 920 908 densissime
952 865 1127 918 sparsis.

356 936 466 978 Hab.
498 950 596 978 oras
627 935 760 977 Novae
791 933 1027 976 Zelandiae:
1061 933 1296 987 Berggren.

183 1006 304 1041 Frons
332 1015 446 1050 supra
472 1004 644 1049 stipitem
668 1004 835 1046 brevem,
861 1013 999 1047 paucas
1026 1001 1145 1036 lineas
1172 1001 1340 1046 longum,
1366 1000 1515 1035 inferne
1533 1003 1632 1035 tere-

93 1067 183 1108 tem,
203 1074 365 1109 superne
384 1063 705 1105 costato-alatum,
732 1061 770 1095 in
796 1061 976 1095 laminam
1002 1061 1090 1094 6-8
1114 1059 1350 1104 pollicarem,
1375 1059 1631 1104 integriuscu-

92 1123 168 1156 lam
198 1124 263 1156 aut
302 1120 451 1155 laciniis
490 1131 584 1166 vage
622 1119 795 1163 divisam,
834 1119 910 1153 ima
947 1118 1029 1153 basi
1068 1118 1294 1153 brevissime
1321 1120 1518 1160 costatam,
1546 1116 1634 1151 dein

93 1178 245 1214 omnino
282 1189 472 1217 enervem,
509 1178 660 1222 planam
697 1179 736 1211 et
772 1175 1006 1221 marginibus
1052 1175 1115 1210 vix
1158 1174 1359 1219 conspicue
1398 1173 1631 1215 undulatam,

93 1235 174 1271 basi
200 1234 527 1277 subreniformem,
554 1233 643 1268 dein
661 1233 707 1267 in
733 1232 1012 1278 integriuscula
1029 1231 1470 1275 rotundato-oblongam,
1501 1229 1632 1264 latitu-

93 1292 181 1327 dine
208 1291 533 1336 3-—5pollicarem,
560 1290 598 1324 in
624 1290 803 1325 laciniata
828 1290 948 1324 forma
973 1289 1128 1332 variam,
1160 1287 1310 1323 laciniis
1335 1298 1436 1322 nunc
1462 1286 1632 1332 angusti-

93 1349 221 1384 oribus
247 1348 435 1394 oblongis,
461 1359 561 1382 nunc
586 1347 789 1382 latioribus
815 1347 855 1381 in
879 1347 1039 1382 formam
1063 1345 1209 1381 frondis
1235 1343 1524 1390 integriusculae
1551 1347 1633 1379 ten-

93 1406 272 1442 dentibus
299 1405 528 1441 rotundatis.
578 1405 825 1449 Cystocarpia
848 1416 949 1438 nunc
973 1404 1012 1438 in
1039 1403 1202 1438 diversis
1235 1401 1393 1436 maculis
1426 1401 1547 1436 forma
1570 1401 1634 1436 vix

94 1464 262 1499 definitis
289 1463 503 1508 conjuncta,
529 1473 642 1505 nunc,
662 1465 700 1497 et
717 1461 753 1496 ni
774 1461 886 1496 fallor
904 1461 1068 1503 demum,
1087 1462 1206 1495 totam
1226 1458 1461 1505 superiorem
1486 1461 1635 1503 partem

92 1520 239 1556 frondis
266 1520 407 1555 adultae
434 1518 668 1564 occupantia,
695 1531 785 1554 area
809 1519 930 1554 basali
957 1529 1069 1562 supra
1095 1517 1267 1562 stipitem
1294 1516 1430 1560 sterili,
1456 1528 1524 1562 per
1549 1527 1633 1561 par-

93 1582 151 1614 tes
177 1578 324 1613 fertiles
351 1578 433 1612 sine
458 1577 591 1612 ordine
618 1577 844 1611 densissime
882 1587 1025 1621 sparsa.
1076 1575 1187 1610 Color
1218 1574 1633 1619 violaceo-purpureus,

94 1636 243 1671 demum
269 1634 331 1669 hic
356 1633 437 1668 illic
462 1634 501 1668 in
527 1633 782 1669 virescentem
809 1635 873 1667 aut
903 1632 1183 1667 fuscescentem
1221 1631 1365 1667 abiens.
1415 1631 1636 1666 Substantia

94 1691 317 1728 tenuissime
344 1692 644 1735 membranacea,
671 1691 780 1725 avide
807 1701 940 1734 aquam
966 1689 1167 1725 imbibens.

186 1748 360 1784 Sectione
386 1748 638 1783 transversali
662 1748 763 1783 facta
787 1750 868 1782 tota
894 1747 1047 1782 videtur
1073 1746 1284 1782 constituta
1321 1745 1407 1788 filis,
1445 1744 1572 1789 qualia
1596 1744 1635 1778 in

95 1806 267 1852 partibus
289 1805 504 1850 junioribus
531 1806 689 1840 aliarum
716 1805 930 1850 specierum
963 1804 1145 1840 obvenire
1177 1805 1340 1839 constat.
1390 1801 1475 1837 Fila
1500 1813 1636 1846 nempe

94 1865 280 1901 interiora
305 1865 483 1909 elongata
508 1863 844 1909 longitudinaliter
873 1862 1117 1897 excurrentia
1142 1864 1206 1896 aut
1231 1873 1316 1896 cum
1333 1859 1474 1906 pagina
1490 1859 1636 1894 frondis

95 1922 290 1967 parallela,
316 1921 467 1967 longius
493 1921 709 1965 articulata,
736 1920 908 1955 articulis
928 1919 1193 1964 cylindraceis,
1220 1922 1258 1954 et
1284 1918 1451 1963 sparsius
1470 1928 1636 1959 ramosa3

95 1979 254 2025 paginas
280 1990 411 2013 versus
437 1978 532 2012 rami
559 1981 767 2012 excurrunt
792 1976 989 2012 densiores
1017 1980 1056 2011 et
1081 1976 1233 2011 densius
1260 1975 1398 2010 ramosi
1416 1978 1529 2018 atque
1548 1985 1635 2008 ana-

97 2039 362 2076 stomosanteS,
387 2035 558 2071 articulis
584 2034 824 2071 brevioribus
850 2034 1072 2075 constituti;
1099 2036 1261 2068 stratum
1287 2032 1467 2067 corticale
1486 2034 1638 2066 constat

96 2094 170 2128 filis
210 2094 457 2129 verticalibus
496 2091 827 2128 moniliformibus.
888 2090 1134 2135 Cystocarpia
1172 2089 1272 2124 infra
1308 2100 1421 2123 unam
1457 2088 1637 2133 paginam

95 2151 208 2196 paulo
232 2150 354 2196 magis
380 2149 631 2195 prominulam
657 2148 846 2192 immersa,
880 2148 1014 2182 nucleo
1050 2158 1187 2192 magno
1224 2147 1393 2191 globoso,
1421 2144 1638 2190 gemmidiis

95 2207 253 2242 minutis
280 2206 454 2251 plurimis
480 2205 519 2240 in
547 2206 652 2240 lobos
680 2205 946 2240 subradiantes
972 2215 1104 2249 parum
1130 2204 1335 2238 distinctos
1361 2203 1546 2246 collectis,
1572 2213 1636 2248 ge-

96 2264 216 2299 latina
251 2266 361 2298 extus
400 2263 463 2297 vix
508 2262 713 2307 conspicua
749 2261 941 2304 cohibitis,
981 2260 1203 2295 constituto.
1272 2260 1441 2295 Stratum
1478 2259 1637 2293 circum-

97 2321 274 2355 nucleare
300 2320 374 2354 filis
415 2318 669 2364 sparsioribus
708 2319 819 2353 strati
857 2317 1053 2352 interioris
1092 2317 1355 2359 constitutum,
1393 2316 1640 2351 circumcirca

96 2378 272 2412 nucleum
299 2377 429 2420 ambit,
456 2377 577 2411 latere
603 2375 794 2410 exteriore
821 2374 1115 2420 carpostomium
1141 2385 1274 2409 versus
1302 2384 1523 2408 excurrens

98 2460 193 2500 pag.
228 2447 305 2487 166
338 2445 448 2487 adde
478 2445 591 2486 inter
623 2444 784 2498 species
815 2443 1116 2497 inquirendas:

98 2527 403 2568 PHYLLOPHORA
447 2524 670 2566 MAILan‘m
716 2523 851 2567 Mont.
898 2527 935 2566 et
978 2522 1042 2564 M
1075 2522 1133 2565 Il.
1168 2522 1367 2565 Reunion
1396 2534 1467 2563 nso
1499 2521 1550 2562 23
1577 2520 1639 2574 pl.

217 2594 348 2637 XXI
357 2594 401 2636 V.

212 2673 316 2715 Fide
347 2673 480 2715 iconis
512 2673 623 2715 datae
656 2673 747 2715 haec
779 2672 884 2714 mihi
916 2671 1037 2713 nulla
1068 2671 1230 2725 species
1252 2669 1557 2725 Phyllophorae
1580 2669 1640 2711 vi-

100 2740 239 2793 detur,
272 2741 346 2784 sed
392 2741 706 2796 Cryptonemiae
754 2741 916 2794 species
947 2754 969 2782 e
1000 2740 1187 2782 sectione
1219 2738 1452 2789 Acrodisci,
1484 2737 1540 2779 ad
1571 2736 1639 2779 Cr.

99 2810 286 2865 rigidam
317 2809 537 2862 accedens,
570 2810 606 2851 si
637 2823 735 2851 cum
767 2809 848 2850 hac
877 2824 965 2851 non
997 2808 1170 2851 omnino
1200 2807 1389 2849 identica
1421 2806 1488 2848 sit.
