1757 3114
129 145 208 186 492
767 137 1069 178 DELEssEROEAE.
1394 130 1658 173 Delesseria.

246 257 403 299 issimis
434 255 548 296 venis
579 249 891 302 microscopicis
922 260 947 287 a
978 249 1095 287 costa
1125 245 1464 294 excurrentibus,
1497 243 1661 285 cellulis

246 322 598 379 interjacentibus
629 317 964 362 subrotundatis„
1005 315 1114 355 soris
1153 318 1336 367 utroque
1366 314 1502 355 latere
1533 316 1660 354 costae

247 394 429 437 evolutis
460 392 503 432 in
533 404 667 430 unum
699 385 1023 429 confluentibus.

397 459 461 501 Ad
492 458 654 498 Novam
686 454 948 497 Zelandiam.

135 569 199 609 33.
230 567 279 608 D.
311 576 523 605 DECIPIENS
554 561 621 616 (J.
655 561 734 613 Agl.
784 558 911 600 Bq'dr.
962 555 1007 598 F
1008 554 1129 597 lorid.
1179 554 1289 607 Syst.
1313 568 1359 606 p.
1392 555 1465 609 58)
1510 553 1660 595 fronde

246 647 343 674 mox
373 631 779 672 corticato-costata.
810 623 1195 679 prolificationibus
1227 622 1282 663 ab
1313 626 1497 675 utroque
1525 622 1659 662 latere

244 705 371 743 costae
398 700 523 754 juxta
552 698 757 739 laminam
788 692 1170 749 prorumpentibus
1210 691 1449 744 geminatis,
1490 690 1659 730 demum

242 768 439 811 frondem
485 766 917 820 opposite-ramosam
962 759 1262 807 formantibus,
1308 757 1465 799 foliolis
1519 757 1658 798 valide

243 836 420 879 costatis
464 831 892 875 lineari-lanceolatis
942 828 1136 882 margine
1187 826 1496 880 integerrimis3
1541 826 1658 867 venis

240 903 556 956 microscopicis
598 916 623 942 a
667 904 785 942 costa
830 895 1157 940 excurrentibus
1203 895 1374 935 denium
1421 894 1658 947 conspicuis

237 972 432 1021 ramosis,
464 968 814 1024 interjacentibus
853 965 1017 1007 cellulis
1052 962 1515 1016 oblongo-rotundatis,
1548 963 1655 1004 soris

237 1046 421 1094 utroque
450 1038 587 1080 latere
618 1041 745 1078 costae
769 1034 937 1077 seriatis
959 1034 1001 1074 in
1024 1033 1146 1074 binas
1168 1035 1288 1073 costa
1310 1031 1533 1072 distinctas
1556 1031 1655 1072 sub-

239 1107 564 1151 confluentibus.
588 1104 754 1148 Deless.
778 1101 1095 1156 Hypoylossmn
1115 1115 1204 1142 var.
1228 1100 1497 1142 arborescens
1520 1099 1656 1140 Harv.

238 1191 360 1219 mser.

390 1243 456 1284 Ad
487 1242 679 1284 Insulam
709 1240 972 1282 Vancouver.

214 1326 329 1360 Venae
357 1324 541 1369 oppositae
566 1322 606 1356 in
630 1321 763 1356 fronde
796 1318 1041 1354 adultioriore
1067 1318 1144 1351 fere
1170 1317 1270 1351 nudo
1296 1317 1403 1351 oculo
1429 1316 1654 1360 conspicuae.

126 1384 327 1418 Structura
349 1380 471 1427 magis
498 1381 543 1414 ad
569 1380 614 1414 D.
651 1377 880 1413 ruscifoliam
918 1387 1027 1419 quam
1065 1375 1110 1408 ad
1136 1375 1180 1408 D.
1207 1374 1484 1419 Hypoglossum
1517 1373 1655 1408 tendit.

124 1439 415 1475 Ramificatione
440 1436 676 1483 praecedenti
702 1435 874 1480 proxima
899 1436 937 1467 et
964 1432 1052 1466 huic
1078 1432 1300 1476 propinqua.

122 1559 163 1609 β.
199 1551 585 1607 Prolfficationibus
616 1565 643 1591 a
673 1553 796 1592 costae
841 1549 969 1589 latere
1015 1547 1238 1588 alterutero
1274 1548 1404 1598 ,juxta
1449 1545 1655 1587 laminam

228 1618 604 1676 ffrorumpemibus
649 1617 924 1671 subsinyzdis,
966 1616 1169 1670 frondmn
1213 1615 1395 1667 subvaye
1439 1627 1654 1655 ramosam

227 1688 536 1745 formantibus.

124 1794 189 1834 34.
221 1792 271 1833 D.
302 1802 504 1831 VIOLACEA
534 1788 560 1842 (
559 1786 600 1829 J.
632 1787 712 1841 Ay.
743 1790 889 1844 mser.)
920 1786 1070 1828 fronde
1102 1787 1509 1835 corticato-costata,
1555 1799 1653 1838 pro-

238 1857 542 1900 lificationibus
582 1870 608 1896 a
652 1860 779 1898 costae
823 1856 961 1897 latere
1004 1855 1241 1896 alterutero
1282 1855 1407 1907 juxta
1450 1853 1654 1894 laminam

237 1925 615 1980 prorumpentibus
655 1924 916 1977 subsingulis
948 1937 1053 1976 vage
1084 1928 1125 1963 et
1155 1922 1243 1963 fere
1276 1922 1438 1963 alterne
1470 1935 1653 1971 ramosa,

236 1994 392 2036 foliolis
438 1991 867 2033 lineari-lanceolatis
914 1992 1116 2044 utrinqne
1161 1990 1406 2034 attenuatis,
1461 1990 1653 2043 margine

239 2061 429 2110 serratis,
461 2061 576 2101 venis
609 2060 923 2113 microscopicis
955 2073 981 2100 a
1010 2062 1129 2100 costa
1159 2057 1499 2107 excurrentibus,
1522 2057 1652 2098 inter-

231 2130 474 2185 jacentibus
505 2128 670 2168 cellulis
703 2128 931 2181 angulatis„
964 2128 1072 2168 soris
1118 2131 1300 2179 utroque
1346 2125 1481 2166 latere
1527 2130 1652 2167 costae

237 2197 417 2240 evolutis
447 2197 491 2236 in
522 2210 653 2236 unum
686 2195 1009 2236 confluentibus.
1059 2194 1224 2235 Deles-5.
1269 2194 1483 2235 serrulam
1515 2193 1651 2235 Harv.

236 2268 283 2308 in
318 2266 476 2316 Perrys
522 2264 635 2316 Eoep.
669 2268 707 2305 to
745 2263 898 2316 Japcm
942 2263 1042 2305 Bot.
1090 2263 1284 2316 Appenni.
1305 2277 1353 2315 p.
1385 2263 1478 2303 331.
1522 2264 1651 2304 Kietz.

237 2336 319 2377 tab.
357 2333 484 2388 Phyc.
528 2333 614 2375 Vol.
650 2333 779 2375 XIX
806 2333 886 2374 tab.
921 2334 984 2373 12.

386 2402 453 2443 Ad
484 2401 722 2455 Japoniam.

213 2482 426 2518 Praesentia
451 2492 631 2516 venarum
657 2492 677 2515 a
702 2481 747 2515 D.
774 2484 921 2515 serrata
944 2481 1059 2515 Harv.
1084 2480 1232 2515 facilius
1257 2481 1516 2526 dignoscatur.

125 2580 192 2621 35.
224 2579 273 2620 D.
306 2590 615 2618 MONTAGNEANA
646 2576 708 2627 (J.
742 2575 822 2630 Ag).
861 2579 1000 2627 msc-r.)
1046 2576 1197 2617 fronde
1243 2577 1380 2618 valide
1425 2578 1651 2619 corticato-

237 2649 416 2694 cos-tata,
456 2644 841 2698 prolificationibus
872 2658 897 2685 a
927 2648 1053 2685 costae
1094 2645 1227 2686 latere
1266 2644 1501 2686 alterutero
1526 2646 1651 2698 juxta

236 2714 441 2755 laminam
487 2713 866 2766 prorumpentibus
911 2712 1170 2765 subsiiigulis
1216 2717 1290 2754 aut
1334 2712 1530 2766 pluribus
1575 2713 1650 2754 ad-

237 2780 492 2834 proximatis
522 2794 627 2834 vage
659 2785 701 2821 et
731 2781 860 2821 dense
890 2793 1072 2826 ramosa,
1103 2781 1257 2822 foliolis
1280 2781 1470 2823 ovalibus
1502 2782 1649 2823 oblon-

238 2849 353 2902 gisve
383 2861 511 2900 parce
542 2848 775 2894 undulatis,
808 2849 924 2890 venis
955 2848 1266 2902 microscopicis
1297 2862 1323 2889 a
1353 2852 1470 2890 costa
1499 2862 1648 2891 excur-
