1757 3114
95 143 176 184 654
739 139 1005 186 CHONDRIEAE.
1374 147 1628 191 Laurencia·
1664 188 1669 195 ,

208 256 645 309 capitato-congestis,
678 256 927 298 keramidiis
959 257 1263 311 agglomeratis
1296 260 1626 313 sphaerico-ova-

205 325 272 366 tis.
305 325 356 366 L.
390 325 571 378 trefaria
606 324 734 366 Kritz.
766 325 847 366 tab.
884 325 1015 378 Phyc.
1060 326 1147 368 Vol.
1183 327 1281 368 XV
1305 329 1386 370 mh.
1419 331 1473 370 74
1504 332 1624 383 (qua-

205 392 260 439 lis
291 393 448 434 sterilis
481 397 523 433 et
552 393 765 434 inchoant.
811 393 995 448 keram.)
1043 394 1094 435 L.
1125 409 1294 448 cymosa
1324 398 1461 450 wmjor
1494 398 1624 440 Kz'c'te.

207 461 231 502 l.
262 475 294 502 c.
325 462 406 503 tab.
439 460 521 502 72?
555 461 605 502 L.
633 462 870 515 ylomerata
903 462 1032 503 Kz'itz.
1066 463 1147 504 tab.
1183 463 1313 517 Plzyc.
1345 465 1427 506 tab.
1460 465 1539 506 73?

206 530 303 572 Hab
334 531 376 570 in
409 543 566 571 oceano
606 531 841 572 antarctico
887 531 941 571 ad
987 530 1088 585 Cap.
1121 533 1160 574 b.
1191 532 1308 586 Spei3
1357 534 1411 574 ad
1456 534 1623 575 Novam

356 597 632 639 Hollandiam
664 603 706 640 et
736 598 838 641 Nov.
872 598 1126 641 Zelandiam
1158 614 1213 642 an
1243 601 1418 643 eadem?

95 724 247 749 *ΗΜ*
281 724 449 767 Fronde
480 724 623 767 leviter
652 739 893 778 compressa
922 727 1059 768 ramis
1089 727 1352 781 ramumque
1382 744 1407 769 α
1428 729 1622 771 submar-

686 795 785 848 {sine
815 795 1021 837 distichis.

96 886 160 925 22.
193 884 239 926 L.
270 898 523 926 THYRSIFERA
554 886 622 940 (J.
654 886 736 940 Ay.
767 889 913 941 mser.)
945 888 1059 929 elata
1082 902 1314 942 purpurea,
1336 889 1488 932 fronde
1509 904 1622 931 com-

207 967 357 1007 pressa
388 954 729 1008 subregulariter
765 957 958 1009 opposite
996 970 1177 1009 ramosa,
1210 958 1342 999 ramis
1374 972 1398 999 a
1429 959 1623 1001 submar-

211 1023 308 1076 gine
341 1023 594 1064 exeuntibus
635 1024 746 1065 binis
784 1026 982 1076 ternisve,
1022 1025 1199 1067 ramulis
1233 1027 1450 1068 sterilibus
1480 1032 1630 1080 paten-

210 1091 323 1133 tibus
354 1091 531 1133 clavatis
563 1092 677 1133 infra
708 1093 872 1146 apicem
917 1093 1089 1147 papillis
1136 1095 1396 1136 brevissimis
1441 1096 1630 1149 undique

209 1159 524 1213 pullulantibus
570 1160 1129 1215 botryoideo-tuberculosis
1175 1163 1346 1204 demum
1393 1164 1630 1216 sporiferis,

210 1228 461 1269 keramidiis
493 1229 884 1271 ovato-rotundatis
915 1230 959 1271 in
980 1230 1159 1272 ramulis
1180 1232 1427 1284 penultimis
1449 1232 1629 1274 circum-

210 1298 324 1339 circa
355 1297 705 1351 provenientibus
736 1299 996 1351 aggregatis.

209 1367 317 1408 Hab.
347 1367 390 1408 in
423 1381 580 1409 oceano
613 1370 850 1410 antarctico
881 1369 937 1410 ad
968 1369 1132 1411 insulas
1173 1369 1355 1412 Chatam
1393 1372 1630 1427 (Travers).

187 1445 278 1480 Haee
305 1449 364 1480 est
389 1446 535 1491 species
560 1447 680 1492 major
705 1448 883 1493 insignis,
908 1449 1011 1483 inter
1036 1451 1164 1494 plures
1191 1450 1429 1485 intermedia.
1479 1452 1631 1486 Ramifi-

99 1502 246 1537 catione
274 1502 410 1537 eximie
435 1504 610 1548 opposita
635 1505 682 1538 ad
707 1505 749 1539 L.
778 1506 922 1540 obtusae
949 1506 1180 1551 propinquas
1206 1507 1344 1542 formas
1364 1508 1558 1553 pertinere
1576 1508 1629 1542 vi-

98 1560 224 1604 detur,
251 1563 289 1594 at
314 1560 417 1595 frons
445 1561 644 1595 evidenter
682 1572 910 1606 compressa,
948 1574 1062 1606 quare
1100 1564 1169 1598 hoc
1206 1568 1384 1609 respectu
1422 1565 1468 1599 ad
1492 1565 1630 1600 formas

98 1617 140 1651 L.
170 1617 405 1661 pinnatifidae
434 1618 576 1652 vicinas
602 1618 726 1662 potius
753 1619 912 1653 tendere
939 1619 1146 1654 videretur.
1195 1621 1461 1666 Magnitudine
1488 1622 1530 1656 L.
1557 1625 1632 1656 tas-

97 1675 283 1709 manicam
307 1675 384 1708 fere
412 1678 548 1719 aequat.
600 1675 710 1710 Color
735 1676 814 1710 fere
839 1676 1027 1710 intensius
1053 1689 1277 1722 purpureus.
1327 1678 1468 1712 Radice
1484 1678 1633 1715 ofibrosa

100 1732 254 1776 rupibus
281 1733 431 1775 adnata,
458 1733 577 1767 multo
602 1733 726 1767 minus
753 1733 1011 1778 decomposita
1036 1745 1146 1777 quam
1173 1735 1216 1769 L.
1243 1735 1464 1779 tasmanica,
1492 1737 1536 1770 ab
1562 1736 1631 1769 hac

101 1789 346 1834 dignoscatur
372 1789 562 1833 praecipue
589 1790 744 1824 ramulis
772 1791 937 1834 undique
963 1792 1159 1836 papillosis
1178 1793 1421 1837 thyrsoideis.
1455 1793 1497 1827 L.
1516 1793 1632 1827 fiexu-

98 1858 163 1881 osa
188 1850 227 1881 et
251 1847 294 1881 L.
320 1847 544 1891 Botryoides
581 1848 695 1882 ramis
734 1848 891 1883 alternis
929 1849 1122 1884 differunt.
1171 1851 1203 1884 A
1228 1851 1276 1887 L..
1298 1851 1465 1885 cruciata
1500 1851 1632 1886 fronde

99 1914 316 1948 compressa
341 1907 379 1938 et
405 1904 567 1938 distiche
594 1916 740 1940 ramosa
765 1905 1036 1951 distinguatur.

100 1998 164 2039 23.
194 1997 241 2039 L.
276 1997 519 2039 TAsMANJcA
550 1999 707 2053 (Hoolc.
739 2003 777 2041 et
807 2000 944 2042 Harv.
974 2002 1021 2043 in
1055 2001 1155 2043 Ner.
1188 2005 1322 2043 austr.
1344 2015 1391 2053 p.
1415 2002 1488 2056 84)
1520 2001 1633 2042 elata

212 2080 543 2120 purpurascens,
575 2067 727 2109 fronde
772 2082 1016 2122 compressa
1060 2069 1403 2122 subregulariter
1441 2070 1633 2122 opposite

213 2148 397 2186 ramosa,
429 2136 562 2176 ramis
593 2149 620 2175 a
650 2136 925 2190 submargine
971 2138 1223 2179 exeuntibus
1269 2137 1475 2187 distichis,
1522 2152 1632 2179 nunc

215 2204 395 2246 ramulis
427 2203 482 2245 ad
514 2203 666 2245 axillas
704 2204 1019 2257 pullulantibus
1065 2205 1325 2258 adparenter
1371 2206 1632 2248 fasciculatis

215 2272 440 2323 instructa,
470 2272 647 2313 ramulis
679 2272 897 2314 sterilibus
936 2273 1288 2316 lineari—clavatis
1320 2279 1634 2329 erecto-paten-

214 2341 343 2392 tibus,
376 2340 595 2394 sporiferis
633 2339 924 2382 conformibus
962 2355 1074 2394 saepe
1113 2343 1249 2395 magis
1280 2344 1524 2396 compositis
1556 2344 1633 2385 tri-

215 2409 324 2461 fidis,
356 2410 544 2463 pinnatis
575 2409 748 2450 demum
793 2409 1146 2462 subfasciculatis‚
1193 2412 1442 2453 keramidiis
1489 2416 1632 2454 ovato-

216 2478 461 2520 rotundatis
506 2479 549 2519 in
594 2479 735 2532 pinnis
780 2479 954 2532 sparsis.
986 2478 1031 2521 J.
1063 2480 1144 2533 Ay.
1179 2480 1249 2534 Sp.
1274 2495 1321 2534 p.
1355 2483 1446 2522 755.
1482 2481 1532 2523 L.
1564 2495 1632 2522 ex-

216 2546 328 2588 celsa
361 2546 491 2588 Kictz.
523 2546 604 2588 tab.
641 2546 768 2600 Phyc.
813 2546 901 2588 Vol.
938 2545 1034 2589 XV
1060 2548 1140 2589 tab.
1174 2548 1246 2589 631

271 2613 380 2656 Hab.
413 2614 469 2655 ad
501 2613 790 2656 Tasmaniain:
822 2614 1002 2669 Harvey,
1035 2615 1173 2666 Gunn,
1206 2616 1378 2669 aliique.

194 2704 346 2750 Species
372 2704 475 2740 inter
499 2706 660 2751 majores
699 2706 873 2751 Generis,
913 2717 1012 2751 saepe
1050 2708 1151 2741 ultra
1186 2707 1332 2752 pedalis
1371 2711 1408 2742 et
1434 2708 1631 2743 admodum

104 2760 373 2806 decomposita.
422 2761 473 2797 Ut
498 2763 540 2797 L.
567 2763 786 2808 thyrsifera,
812 2764 866 2798 ita
891 2764 972 2799 haec
1008 2763 1110 2798 inter
1147 2765 1316 2799 diversas
1356 2765 1543 2799 sectiones
1569 2778 1633 2811 ge-⁹

104 2819 205 2852 neris
232 2818 461 2854 intermedia
485 2819 563 2854 fere
590 2820 868 2855 consideratur.
909 2821 1025 2855 ‘Rami
1053 2821 1217 2865 oppositi
1245 2822 1287 2855 L.
1314 2823 1459 2857 obtusae
1486 2822 1631 2856 affinem

103 2875 275 2918 suadent,
302 2878 341 2910 at
367 2879 425 2909 sat
451 2876 649 2911 evidenter
675 2888 901 2921 compressa,
929 2880 967 2911 et
991 2877 1098 2921 rami,
1127 2877 1158 2911 si
1179 2878 1268 2921 quid
1289 2878 1411 2922 video,
1431 2879 1633 2923 conspicue
