1757 3114
128 120 208 161 646
784 118 1049 161 CHONDRIEAE.
1442 124 1660 165 hieremia.

129 233 274 268 Formae
300 233 343 267 L.
370 233 542 267 Forsteri
569 244 669 277 saepe
695 232 734 266 in
761 232 995 277 Cymodocea
1019 232 1166 267 vivunt.
1203 233 1299 277 Quid
1327 234 1377 268 sit
1403 234 1446 269 L.
1466 234 1661 279 filzformis

130 289 248 324 Harrei.
277 290 366 334 Syn.
394 290 507 334 Ple-isc.
534 293 652 323 (lacsir.
679 289 826 334 ignoro.
853 288 898 323 L.
917 289 1150 333 fasciculam
1178 290 1291 324 Kritz.
1322 291 1406 325 Tab.
1436 291 1548 335 Phyc.
1583 291 1660 326 Vol.

131 346 212 380 XV
234 347 303 381 tab.
329 347 384 380 46.
411 346 530 380 forma
555 346 596 379 L.
625 346 797 380 For-steri
824 357 870 379 ex
895 346 1001 380 icone
1028 346 1235 381 videretur.

133 429 170 469 3.
201 428 248 469 L.
279 442 439 468 Arrmis
472 426 623 480 (Sond.
655 428 701 469 in
735 427 841 469 Sem.
873 431 909 469 ct
939 426 1072 468 Mola.
1105 427 1204 469 Boc.
1245 427 1349 469 Zeit.
1383 429 1489 469 1845
1512 442 1559 481 p.
1591 430 1664 483 55)

244 496 497 546 fuscescens,
529 494 680 536 fronde
719 496 845 536 tereti
883 495 1073 536 filiformi
1111 510 1456 549 quoquoversum
1495 497 1664 538 decom-

244 564 383 617 posito
414 577 598 614 ramosa,
630 563 810 605 ramulis
842 563 935 604 basi
967 563 1200 604 attenuatis
1232 563 1484 605 dichotomis
1515 562 1664 617 paten-

246 632 362 673 tibus
392 632 436 672 in
468 645 588 672 ramo
621 632 802 673 alternis
834 631 1158 685 subfastigiatis³
1191 630 1426 673 fructiferis
1458 666 1466 673 .
1499 666 1506 673 .
1539 666 1547 674 .
1580 666 1588 674 .
1619 632 1665 675 J.

248 699 326 753 Ay.
364 699 435 753 Sp.
459 713 506 752 p.
539 700 632 741 744.

303 769 412 810 Hab.
447 769 502 809 ad
533 768 696 810 Novam
727 768 1004 810 Hellaudiam
1036 768 1358 810 occidentalem.

227 838 424 883 Specimen
451 837 736 881 Sonderianum,
763 837 862 880 quod
889 837 980 881 vidi,
1006 837 1132 872 colore
1158 840 1196 871 et
1223 838 1435 872 substantia
1451 837 1571 882 magis
1591 848 1669 872 cor-

136 907 206 930 nea
231 908 251 929 a
276 895 318 929 L.
356 894 528 929 Forsteri
564 894 802 939 potissimum
841 894 980 928 differt.
1031 894 1157 937 Qualis
1185 906 1205 928 a
1231 895 1397 940 Kiitzing
1423 895 1527 938 (Ταῦ.
1556 895 1669 939 ΡΙιῃο.

144 952 220 986 Vol.
250 951 329 985 XV
351 952 422 986 tab.
448 952 507 995 45)
534 951 768 996 depingitur,
795 951 889 985 rami
916 963 1022 985 secus
1041 951 1180 985 lineam
1206 951 1367 985 mediam
1393 951 1594 985 incrassati
1618 950 1671 984 vi-

137 1009 334 1051 derentur,
360 1008 460 1052 quod
487 1011 613 1042 tamen
638 1020 874 1052 nequaquam
901 1008 940 1042 in
969 1007 1176 1053 specimine
1204 1008 1435 1042 Sonderiano
1454 1010 1674 1052 appareant.

139 1066 228 1109 Quae
254 1077 275 1099 a
299 1065 450 1108 Harvey
475 1065 514 1098 in
539 1065 623 1110 Alg.
650 1067 780 1099 Austr.
809 1076 887 1099 exs.
913 1067 955 1099 ut
989 1065 1101 1099 dubia
1136 1065 1179 1099 L.
1207 1064 1325 1098 affinis
1364 1064 1570 1098 distributa
1605 1064 1677 1098 fuit

138 1135 159 1156 a
182 1123 225 1156 L.
252 1122 424 1156 Forsteri
451 1123 514 1156 vix
540 1123 616 1157 ullo
643 1126 820 1167 respectu
847 1122 986 1157 differt.
1036 1122 1093 1156 Ex
1120 1134 1185 1156 ora
1209 1134 1315 1156 novae
1342 1121 1554 1156 Hellandiae
1582 1121 1676 1156 occi-

139 1180 284 1215 dentali
322 1180 530 1225 specimina
566 1180 685 1215 habeo
723 1181 958 1224 Laurenciae,
996 1192 1078 1224 quae
1111 1181 1158 1214 ad
1184 1181 1226 1215 L.
1253 1180 1400 1214 affinem
1437 1180 1677 1225 potissimum

140 1239 328 1272 ducerem.
365 1237 587 1272 Substantia
610 1237 650 1271 in
675 1237 733 1271 his
761 1249 868 1281 {eque
895 1238 1148 1283 cartilaginea
1177 1240 1215 1271 et
1241 1238 1343 1271 color
1369 1237 1569 1271 exsiccatae
1597 1248 1675 1271 car-

141 1294 462 1329 neo-fuscescens.
497 1294 606 1329 Rami
632 1294 787 1339 plurimi
815 1294 1123 1329 subsecundatim
1150 1294 1369 1337 dichotomi,
1390 1294 1456 1328 sed
1474 1295 1574 1328 haud
1592 1305 1677 1328 raro

141 1363 287 1396 quoque
312 1351 406 1385 rami
431 1351 591 1395 majores
617 1351 672 1385 ita
697 1351 950 1396 adproxiinati
976 1354 1018 1386 ut
1042 1351 1120 1385 fere
1146 1350 1376 1395 regulariter
1414 1351 1579 1395 oppositi
1616 1351 1679 1384 ad-

140 1412 317 1454 pareant3
357 1410 456 1453 quod
491 1421 626 1444 revera
662 1412 739 1443 tam
779 1420 878 1453 saepe
905 1408 1062 1444 obvenit
1088 1412 1128 1442 ut
1153 1408 1215 1443 vix
1241 1408 1399 1443 fortuito
1424 1408 1479 1441 ita
1504 1407 1680 1451 dispositi

144 1470 386 1501 censeantur.
439 1467 545 1510 Quod
571 1478 661 1501 vero
686 1466 746 1500 liis
774 1466 1013 1510 potissimum
1040 1466 1392 1500 characteristicum
1418 1465 1509 1498 mihi
1529 1465 1680 1499 videtur

144 1527 203 1558 est
227 1524 338 1558 radix
362 1534 479 1568 supra
507 1523 655 1567 lapillos
681 1526 1043 1565 crus-taceo-scutata,
1071 1522 1192 1566 qualis
1219 1522 1259 1555 in
1277 1521 1563 1566 Cordylecladia
1586 1521 1681 1554 Har-

145 1593 299 1626 veyana‚
326 1592 408 1624 quae
435 1582 650 1625 comparata
674 1580 828 1613 ramulis
857 1579 1093 1624 longioribus
1121 1579 1397 1623 distinguatur,
1424 1578 1680 1622 descriptione

144 1651 233 1674 vero
258 1638 368 1672 facile
395 1638 703 1672 confunderetur.
753 1637 790 1672 Si
816 1638 897 1672 haec
924 1637 1132 1681 specimina
1157 1637 1203 1670 ad
1229 1637 1271 1670 L.
1299 1636 1445 1670 affinem
1477 1647 1565 1671 vere
1597 1647 1681 1680 per-

151 1697 315 1740 tineant,
342 1696 488 1740 species
515 1694 684 1739 rupicola
710 1698 748 1728 et
773 1694 900 1728 radice
927 1696 1075 1728 scutata
1099 1693 1261 1739 insignis
1288 1704 1309 1726 a
1326 1693 1368 1727 L.
1387 1692 1572 1736 Forsteri,
1599 1704 1679 1736 quae

148 1756 329 1797 quantum
355 1752 432 1786 vidi
459 1764 608 1796 semper
644 1752 848 1796 parasitica
884 1751 1036 1794 crescit,
1063 1751 1285 1794 adparatum
1323 1749 1502 1784 fibrosum
1540 1749 1682 1783 radica-

149 1812 223 1845 lem
250 1810 446 1853 evolvens,
472 1811 568 1843 bene
597 1808 779 1843 distincta
804 1809 997 1852 adpareat.
1039 1807 1183 1842 Sondcr
1208 1807 1251 1840 L.
1279 1806 1394 1840 adfini
1419 1806 1583 1840 radicem
1611 1806 1683 1839 cal-

150 1869 267 1903 losam
294 1867 444 1910 tribuit,
464 1870 502 1901 at
520 1867 595 1901 vim
622 1867 732 1911 liujus
759 1865 990 1900 characteris
1016 1866 1070 1898 ita
1095 1876 1227 1909 parum
1252 1864 1414 1908 protulit
1438 1867 1479 1897 ut
1505 1863 1684 1897 facillime

150 1926 290 1960 nullius
323 1924 505 1959 momenti
542 1924 777 1958 crederetur.
827 1923 962 1966 Apices
1000 1922 1228 1956 ramulorum
1266 1921 1304 1955 in
1343 1921 1484 1956 nostris
1523 1920 1685 1964 delapsi3

152 1996 197 2018 ex
222 1982 350 2027 paucis
378 1982 633 2026 praesentibus
662 1980 950 2024 simpliciusculi
977 1983 1015 2013 et
1041 1979 1181 2013 clavati
1207 1978 1429 2022 adpareant‚
1450 1977 1686 2022 sphaerospo-

151 2041 203 2075 ris
230 2039 452 2074 Laureneiae
480 2038 673 2073 instructi.
724 2039 801 2072 Nec
827 2037 954 2081 itaque
982 2049 1029 2070 ex
1054 2036 1113 2070 his
1141 2035 1410 2080 speciminibus
1439 2034 1603 2079 speciem
1630 2046 1687 2068 ra-

153 2097 263 2131 mulis
290 2096 481 2130 fertilibus
510 2095 744 2129 difformibus
772 2097 1044 2138 exspectarem.

155 2180 192 2219 4.
223 2177 270 2218 L.
304 2189 487 2218 emonis
519 2175 676 2230 (Hook.
709 2179 745 2216 et
777 2174 914 2216 Hccrv.
954 2175 1000 2215 iu
1032 2172 1170 2215 Ham).
1220 2173 1319 2214 Ner.
1365 2176 1498 2214 castr.
1534 2186 1581 2224 p.
1614 2173 1687 2228 84)

266 2245 417 2287 fronde
449 2245 563 2286 elata
592 2243 781 2285 filiformi
813 2248 980 2285 setacea
1011 2243 1200 2284 flexuosa
1239 2242 1451 2295 pinnatim
1488 2242 1687 2283 ramosis-

269 2315 385 2365 sima,
417 2314 550 2355 ramis
581 2313 758 2355 alternis
793 2313 932 2365 longis
963 2312 1141 2365 virgatis
1181 2311 1446 2364 simplicibus
1478 2311 1688 2352 iterumve

268 2384 460 2433 ramosis,
492 2382 670 2424 ramulis
702 2381 1042 2423 liorizontalibus
1074 2380 1251 2421 alternis
1298 2379 1546 2421 secundisve
1592 2379 1688 2420 bre-

270 2453 391 2494 vibus
424 2451 684 2504 elongatisve
716 2450 959 2505 cylindricis
991 2449 1202 2502 capitatis.
1233 2448 1278 2490 J.
1311 2448 1391 2501 Ass.
1426 2447 1496 2500 Sp.
1525 2461 1572 2500 p.
1595 2448 1689 2488 746.

422 2520 487 2560 Ad
518 2519 681 2561 Novam
713 2518 973 2560 Zelandiam.

250 2591 317 2623 Sec
345 2588 565 2633 specimina,
592 2600 673 2632 quae
701 2588 793 2631 vidi,
820 2587 944 2621 onmia
970 2585 1165 2630 zoopliytis
1202 2585 1426 2627 incrustata,
1465 2584 1608 2628 species
1637 2583 1690 2618 vi-

159 2649 270 2681 detur
296 2647 337 2680 L.
364 2645 536 2680 Forsteri
562 2645 744 2689 proxima.
793 2644 934 2679 Habitu
960 2643 1152 2688 paulisper
1180 2642 1340 2677 diversa.
1391 2641 1553 2674 Tantum
1580 2640 1690 2674 steri-

159 2705 205 2737 lis
233 2705 445 2738 observata.

162 2787 197 2825 5.
232 2784 276 2825 L.
311 2797 522 2824 inriffeirm
555 2782 617 2834 (J.
650 2784 729 2835 Ass.
756 2782 888 2834 82).st
911 2781 1011 2835 745)
1034 2793 1157 2821 rosea
1178 2777 1516 2827 membranacea,
1540 2776 1691 2819 fronde

274 2852 401 2894 tereti
432 2851 622 2892 iiliformi
654 2850 943 2904 subpiunatim
978 2862 1160 2899 ramosa,
1193 2847 1326 2889 ramis
1359 2845 1477 2898 vagis
1500 2859 1692 2899 quoquo-
