1757 3114
97 152 367 196 Rhahdonia.
750 121 990 189 SOLIERIEAE.
1123 124 1125 129 Ι
1558 147 1632 187 591

185 266 273 309 Quae
300 264 452 300 nomine
478 263 550 298 Rh.
577 260 763 296 coccineae
791 262 829 294 et
854 260 927 294 Rh.
954 259 1210 305 nigrescentis
1237 260 1400 304 primum
1438 259 1639 295 distribuit

94 321 301 368 specimina
342 323 494 366 Harvey
537 320 600 355 vix
638 320 693 353 ita
735 318 918 353 distincta
960 320 1051 361 puto
1089 321 1131 351 ut
1169 318 1396 353 ducentibus
1446 318 1505 351 his
1544 318 1637 352 duas

95 381 240 425 species
269 391 518 415 assumerem:
558 378 595 411 in
622 376 763 411 nostris
801 375 865 410 vix
903 375 1078 419 exiguam
1116 375 1371 410 differentiam
1409 374 1545 409 coloris
1583 375 1637 410 vi-

96 439 179 472 deo.
229 437 367 472 Postea
404 437 602 481 speciebus
640 435 679 468 in
716 435 796 468 loco
835 431 1074 475 examinatis,
1113 432 1258 477 species
1298 432 1410 466 aliter
1447 443 1488 465 ac
1513 432 1638 476 initio,

100 499 143 531 ut
168 498 355 541 putarem,
382 495 566 529 limitatas
594 491 795 528 distribuit
820 490 983 534 Harvey.
1018 490 1089 524 Rh.
1110 491 1322 525 coccineam
1342 490 1519 524 nimirum
1536 489 1640 523 inter

95 553 185 599 Alg.
213 563 291 586 exs.
318 551 524 586 Australiae
553 549 796 584 distributam
832 548 956 582 colore
984 550 1022 581 et
1059 547 1311 582 consistentia
1347 547 1545 581 admodum
1585 546 1640 580 di-

95 621 260 654 versam,
285 607 571 643 ramificationis
601 617 732 641 norma
757 616 903 649 quoque
931 603 1152 638 distinctam
1184 607 1370 649 putarem.
1419 604 1526 638 Inter
1557 615 1640 648 spe-

95 666 233 700 cimina
258 666 329 700 Rh.
357 664 616 709 nigrescentis
644 663 852 697 distributa
890 661 1042 696 omnino
1080 661 1232 695 diversa
1268 661 1399 705 planta
1424 672 1524 695 nunc
1550 672 1638 704 quo-

97 735 168 767 que
195 724 370 757 immixta
395 722 566 764 videturg
595 733 705 765 quam
732 720 801 754 hoc
826 720 908 753 loco
933 719 1084 753 nomine
1112 719 1386 764 Thamnocarpi
1424 718 1640 762 Harveyani

98 781 248 815 interea
273 779 495 813 distinctam
522 777 716 822 proposui.
744 797 785 801 ——
814 776 946 819 Adest,
973 775 1011 809 ni
1037 776 1161 820 fallor,
1194 778 1397 810 structurae
1425 775 1641 810 differentia

96 839 196 872 inter
222 838 294 872 Rh.
321 836 537 871 coccineam
575 838 614 869 et
639 835 710 869 Rh.
749 835 1033 879 nigrescentem
1072 833 1110 867 in
1149 845 1192 868 eo
1230 834 1329 877 quod
1367 834 1515 867 cellula>
1542 833 1642 867 infra

98 895 298 930 corticales
326 894 365 927 in
392 894 463 928 Rh.
491 892 727 937 nigrescenti
755 891 868 925 etiam
893 891 933 925 in
958 890 1113 924 ramulis
1148 891 1399 926 adultioribus
1426 890 1505 924 fere
1531 890 1641 924 unica

102 952 200 986 serie
225 951 421 996 dispositae
449 953 552 993 sunt,
579 950 665 983 dum
693 950 731 982 in
750 949 822 983 Rh.
849 948 1025 983 coccinea
1050 948 1144 982 rami
1170 949 1331 993 majores
1359 949 1516 983 cellulas
1542 948 1643 983 infra

99 1009 298 1044 corticales
325 1006 497 1051 pluribus
525 1005 694 1040 seriebus
723 1006 926 1051 dispositas
954 1008 1107 1051 gerunt.
1157 1006 1320 1040 Fructus
1348 1006 1387 1040 in
1413 1006 1485 1041 Rh.
1513 1006 1641 1052 nigre-

100 1064 221 1101 scenti
248 1076 323 1099 non
352 1063 442 1097 vidi.

189 1121 349 1157 Nomine
376 1120 524 1156 Rhabd.
551 1120 716 1165 Harveyi
751 1120 896 1155 Sonder
928 1120 1103 1165 (Linmea
1129 1121 1218 1154 1852
1240 1132 1279 1165 p.
1306 1121 1387 1165 681)
1415 1120 1487 1155 Rh.
1514 1121 1641 1166 nigre-

100 1184 270 1216 scentem
289 1183 328 1214 et
345 1179 418 1214 Rh.
437 1179 651 1214 coccineam
678 1179 908 1224 conjungere
935 1178 1080 1212 suadet.
1117 1178 1223 1222 Quod
1250 1179 1319 1213 hoc
1345 1180 1486 1213 attinet
1512 1179 1558 1213 ad
1578 1180 1641 1215 ob-

101 1239 337 1274 servationes
364 1249 450 1271 mox
477 1237 611 1271 allatas
641 1235 777 1271 refero.

99 1310 137 1349 2.
170 1308 249 1349 RH.
283 1320 483 1348 coccium
515 1305 676 1361 (Ham).
707 1307 754 1347 in
777 1306 912 1347 Lond.
933 1303 1087 1348 Journ.
1110 1306 1209 1348 III.
1222 1319 1270 1359 p.
1293 1306 1395 1360 448)
1426 1306 1642 1347 coccineo-

212 1389 545 1431 purpurascem,
569 1375 855 1417 exsiccatione
886 1387 1106 1428 purpurea
1129 1375 1641 1426 membranaeeo-tenera,

214 1444 557 1495 subcaulescens,
589 1443 711 1484 caule
744 1456 876 1496 supra
906 1443 1094 1484 radicem
1127 1442 1332 1485 fibi-osam
1373 1443 1642 1495 nudiusculo,

215 1527 398 1567 superne
429 1513 473 1553 in
503 1525 646 1553 ramos
687 1511 1011 1553 subdichotome
1057 1511 1208 1562 soluto,
1255 1512 1388 1554 ramis
1433 1513 1644 1567 elongatis

213 1583 392 1636 virgatis
438 1581 754 1634 (lecompositis,
800 1580 980 1622 ramulis
1019 1580 1398 1623 subi'usit'ormibus
1442 1582 1644 1636 utrinque

212 1651 340 1705 longe
372 1650 609 1691 attenuatis
643 1648 905 1691 evidentiore
938 1649 1126 1691 cuticula
1164 1650 1341 1705 hyalina
1379 1650 1541 1701 cinctis,
1574 1666 1644 1706 cy-

217 1719 443 1773 stocarpiis
475 1732 596 1772 aeque
628 1719 906 1759 circumcirca
936 1719 1190 1772 prominulis
1222 1721 1265 1761 in
1287 1720 1454 1762 ramulo
1476 1721 1644 1762 subsin-

215 1788 339 1842 gulis,
388 1788 696 1841 sphaerosporis
742 1801 818 1841 per
864 1788 1053 1830 ramulos
1100 1790 1274 1843 sparsis.
1324 1789 1461 1831 Ham).
1513 1789 1645 1843 Phyle.

215 1860 348 1898 austr.
381 1856 464 1898 tab.
499 1857 564 1897 54.
600 1856 730 1897 Kilteu
763 1856 845 1897 tab.
883 1856 1012 1911 Pleyc.
1058 1857 1145 1903 Vol.
1182 1856 1298 1899 XVI
1329 1858 1410 1899 tab.
1442 1857 1524 1898 73?

367 1924 431 1965 Ad
464 1923 569 1965 Nov.
602 1924 876 1966 Hollandiam
911 1926 1159 1967 australem.

101 2007 139 2047 3.
173 2005 252 2046 RH.
282 2017 539 2045 DENDROIDES
571 2003 732 2057 (Ham).
769 2004 898 2058 Plcyc.
930 2009 1064 2047 <cerasta
1095 2006 1176 2047 tal).
1203 2007 1302 2062 152)
1325 2008 1646 2061 coccineo-pur-

156 2090 167 2101 ·’
215 2087 462 2127 purascens,
496 2072 661 2115 inferne
693 2074 929 2115 evidentius
962 2075 1220 2124 caulescens,
1253 2076 1374 2117 caule
1413 2091 1545 2131 supra
1575 2091 1645 2118 ra-

215 2142 352 2184 dicem
383 2141 588 2183 fibrosam
619 2142 874 2184 nudiusculo
907 2156 1065 2195 crasso,
1089 2158 1273 2198 superne
1305 2145 1349 2186 in
1370 2159 1514 2187 ramos
1545 2147 1645 2188 sub=

216 2212 457 2252 dichotome
488 2211 639 2262 soluto,
671 2212 804 2253 ramis
842 2212 1104 2254 abbreviatis
1144 2213 1645 2277 fasciculam-corymbo-

218 2281 275 2322 sis
308 2279 635 2334 subfastigiatis,
669 2280 847 2322 ramulis
881 2281 974 2323 basi
1005 2282 1072 2324 vix
1105 2283 1359 2335 constrictis,
1385 2285 1504 2338 apice
1527 2284 1645 2326 elon-

218 2352 318 2403 gato
351 2348 621 2401 acuminatis,
643 2350 923 2404 cystocarpiis
945 2364 1067 2404 aeque
1090 2350 1369 2393 circumcirca
1390 2353 1646 2405 prominulis

220 2418 263 2459 in
295 2416 462 2459 ramulo
494 2418 770 2473 subsingulis.

272 2486 339 2528 Ad
370 2485 533 2528 Novam
565 2487 839 2530 Hollandiam
872 2488 1108 2531 australem
1139 2494 1181 2531 et
1213 2491 1532 2534 occidentalem.

194 2554 291 2589 Mihi
316 2556 398 2590 haec
425 2556 571 2600 species
596 2555 676 2591 fere
703 2560 852 2592 tantum
879 2557 986 2592 icone
1005 2558 1170 2604 cognita.
1206 2559 1357 2594 Adsunt
1374 2560 1525 2604 quidem
1545 2561 1648 2596 inter
1687 2550 1690 2551 ⁷

106 2612 314 2657 specimina
328 2624 347 2646 e
361 2612 563 2646 Tasmania
580 2616 691 2658 atque
710 2614 816 2649 Nova
833 2614 1037 2650 Hollandia
1055 2615 1283 2651 occidentali
1301 2617 1394 2651 mihi
1411 2617 1528 2653 missa
1546 2619 1646 2665 frag-

105 2674 246 2714 menta,
274 2682 433 2716 quorum
459 2672 642 2706 nonnulla
667 2673 713 2707 ad
739 2673 835 2708 hanc
862 2674 1027 2718 speciem
1058 2674 1185 2709 forsan
1211 2676 1445 2719 pertineant.
1496 2676 1647 2713 Tasma-

105 2728 190 2762 nica
214 2738 350 2771 nempe
378 2727 617 2762 constituunt
642 2733 791 2773 partem
826 2730 1047 2765 inferiorem
1083 2730 1225 2775 plantae
1265 2733 1512 2769 crassissimae
1540 2735 1647 2780 (pen-

106 2795 192 2818 nam
220 2783 462 2829 scriptoriam
494 2785 713 2832 aequantis),
740 2787 845 2831 cujus
879 2787 987 2822 radix
1025 2788 1166 2823 fibrosa
1202 2788 1467 2825 Rhabdoniam
1502 2792 1646 2837 prodit,

106 2841 257 2876 habitus
285 2852 374 2875 vero
401 2845 439 2876 et
468 2843 681 2877 substantia
717 2855 853 2879 cornea
885 2844 1133 2880 Gracilariam
1160 2849 1223 2880 aut
1254 2846 1525 2883 Eucheumatis
1565 2861 1648 2894 spe—

107 2899 202 2933 ciem
228 2897 399 2933 indicare
425 2898 632 2934 videretur.
682 2900 858 2936 Dissecta
888 2906 1078 2938 monstrat
1115 2904 1273 2939 cellulas
1311 2903 1507 2941 interioris
1535 2908 1648 2947 strati
