1757 3114
93 70 411 125 Peyssonnelia.
722 69 1020 117 SQUAMAHIEAE.
1535 67 1615 108 383

201 185 251 226 In
282 185 479 233 sectione,
513 197 607 238 quae
640 182 860 224 Eunemiae
892 181 1061 222 nomine
1083 180 1198 222 infra
1218 180 1484 234 proponitur,
1508 184 1618 221 stra-

87 254 142 294 tis
173 253 262 294 fere
293 253 433 294 tribus
465 251 676 293 distinctis
708 250 881 292 frondes
911 252 1227 302 componuntur
1284 247 1481 299 Inferius,
1504 247 1618 302 quod

87 322 131 362 in
162 320 420 375 Squamaria
449 318 615 361 cellulis
647 333 777 372 quam
807 319 851 359 in
881 316 1167 358 adscendente
1185 315 1313 370 paulo
1335 316 1619 357 crassioribus

87 394 331 432 contextum
362 392 438 439 est7
469 389 513 429 in
544 388 755 430 Eunemia
785 386 948 429 cellulis
980 386 1248 428 tenuioribus
1279 389 1322 428 et
1351 399 1463 439 saepe
1484 385 1619 439 pluri-

87 459 167 500 bus
197 459 457 501 verticaliter
503 458 783 511 superpositis
829 459 1015 507 constat3
1054 455 1152 496 hinc
1190 455 1309 497 frons
1340 469 1366 496 a
1397 454 1620 508 superficie

86 529 313 570 observata
356 527 491 569 lineas
521 526 997 575 flabellato-radiantes‚
1031 539 1126 579 quae
1168 525 1212 565 in
1242 524 1511 579 Squamariis
1542 523 1618 564 ad-

22 599 25 602 ’
88 611 137 638 eo
169 597 407 650 conspicuae
440 600 552 647 sunt,
592 595 728 637 multo
765 595 904 636 minus
942 594 1161 636 evidentes
1202 597 1425 635 monstrat.
1485 591 1621 634 Strati

87 665 330 707 intermedii
376 665 451 707 fila
495 669 595 706 sunt
640 665 850 706 arcuatim
882 666 924 704 et
955 662 1127 716 oblique
1159 662 1484 713 adscendentia3
1530 661 1621 703 haec

87 748 187 776 vero
218 733 486 788 superficiem
518 733 682 774 frondis
714 747 798 775 non
828 732 1041 784 attingere
1072 730 1289 781 videntur3
1322 730 1395 772 sed
1427 730 1621 771 continu-

87 807 216 844 antur
244 802 329 844 filis
360 801 650 853 verticalibuS‚
683 800 863 855 geminis
895 803 989 852 (aut
1019 798 1292 853 quaterniSP)
1338 813 1470 852 supra
1514 799 1619 839 arti-

87 871 231 912 culum
261 869 531 912 terminalem
563 870 689 911 strati
728 867 970 909 intermedii
1011 867 1304 920 superpositis7
1337 881 1432 921 quae
1464 871 1618 921 praete-

85 953 161 980 rea
191 939 385 981 articulis
416 938 619 980 brevibus
650 952 676 979 a
706 937 789 978 filis
820 937 945 978 strati
977 936 1105 977 medii
1137 935 1456 989 dignoscantur.

199 1009 248 1049 In
280 1008 465 1049 sectione
511 1007 652 1057 tertia⁷
701 1020 830 1060 quam
875 1005 1152 1058 Bunburyam
1198 1004 1427 1053 nominavi,
1474 1004 1620 1046 Genus

86 1077 152 1118 sui
180 1077 289 1131 juris
320 1077 455 1118 latere
502 1079 712 1129 putarem.
771 1074 886 1115 Dum
931 1075 974 1114 in
1020 1073 1278 1128 Squamaria
1325 1076 1367 1114 et
1410 1073 1621 1114 Eunemia

87 1144 251 1187 cellulae
283 1145 448 1186 ambitu
480 1144 745 1198 quaslraticae
778 1147 853 1184 aut
882 1142 1220 1195 rectangularcs,
1253 1142 1335 1183 nisi
1367 1142 1452 1183 alia
1483 1141 1620 1183 direc-

85 1215 202 1259 tione
234 1214 453 1268 paulisper
484 1214 719 1267 hexagonae
765 1212 1018 1266 adpareaut,
1060 1216 1160 1253 sunt
1198 1212 1410 1265 contiguae
1443 1217 1485 1253 et
1515 1213 1621 1253 invi-

86 1297 176 1325 cem
209 1286 429 1332 concretae,
462 1282 699 1336 Bunburya
736 1280 862 1322 offert
899 1281 1042 1334 potius
1073 1279 1147 1322 fila
1178 1280 1419 1323 dichotome
1450 1294 1623 1322 ramosa

87 1355 128 1393 et
158 1351 394 1405 fastigiata,
428 1351 622 1392 articulis
656 1364 767 1404 saepe
799 1350 1031 1392 admodum
1063 1349 1241 1391 clavatis
1278 1351 1526 1398 constituta,
1556 1350 1621 1390 in-

85 1420 219 1461 vicem
250 1419 470 1473 paulisper
500 1419 719 1466 distantia,
752 1419 884 1459 ramis
929 1417 1100 1459 filorum
1145 1419 1388 1460 intertextis
1420 1422 1462 1459 et
1491 1418 1620 1459 immo

86 1489 154 1530 hio
185 1488 272 1529 illic
310 1488 745 1535 anastomosantibus„
794 1487 1151 1529 decumbentibus
1183 1490 1225 1528 et
1256 1486 1621 1528 adscendentibus

84 1558 128 1599 in
158 1560 296 1599 strato
327 1556 516 1610 quodam
552 1557 694 1598 medio
734 1556 968 1598 directione
1008 1555 1094 1597 alia
1131 1556 1472 1607 excurrentibus,
1503 1555 1621 1597 fron-

85 1625 183 1667 dem
214 1625 586 1667 constituentibus.

196 1694 356 1736 Utrum
387 1695 660 1737 diversitates
690 1695 733 1735 in
765 1697 984 1736 structura
1021 1693 1185 1735 frondis
1230 1696 1478 1735 memoratae
1524 1707 1622 1735 cum

84 1764 272 1818 quodam
304 1764 553 1805 diversitate
582 1763 749 1805 fructus
780 1763 1110 1818 conjungantur,
1142 1776 1197 1804 an
1228 1762 1393 1804 fructus
1421 1763 1620 1804 consimi-

85 1833 148 1874 les
178 1836 394 1883 maneant,
429 1832 555 1874 hodie
594 1846 678 1874 non
723 1832 872 1886 liquet.
933 1832 982 1872 In
1013 1832 1169 1873 habitu
1215 1845 1369 1886 parum
1415 1831 1622 1873 differunt

82 1901 246 1955 species
292 1901 561 1943 diversarum
607 1901 855 1943 sectionum.
916 1900 1025 1941 Hinc
1072 1913 1217 1942 omnes
1255 1900 1311 1941 ad
1341 1900 1455 1941 idem
1487 1914 1621 1953 genus

83 1970 211 2012 hodie
241 1969 491 2012 referendas
521 1969 682 2023 putavi.

346 2130 473 2166 Genus
499 2131 592 2165 mihi
617 2134 766 2166 tantum
791 2131 899 2166 icone
925 2131 1138 2177 cognitum:

81 2212 305 2248 Limrmmm
332 2213 496 2248 Zanard.
525 2212 624 2248 Icon.
650 2213 731 2248 adr.
755 2224 794 2258 p.
821 2214 886 2247 127
914 2214 985 2248 tab.
1014 2212 1143 2247 XXX.

82 2294 204 2329 Frons
231 2294 402 2329 calcarea
427 2293 715 2337 crustaeformis,
741 2292 882 2338 pagina
911 2292 1091 2328 inferiore
1117 2303 1185 2337 per
1210 2292 1399 2327 radiculas
1426 2292 1620 2327 laxissime

174 2352 327 2395 adnata,
355 2351 518 2394 denique
546 2351 681 2395 soluta,
707 2349 969 2393 horizontalis‚
996 2349 1139 2384 ambitu
1158 2360 1334 2383 crescens
1362 2349 1619 2384 suborbicula-

173 2409 242 2454 ris,
269 2420 382 2454 supra
417 2407 627 2452 fructifera,
654 2407 785 2442 stratis
813 2408 957 2442 duobus
985 2406 1210 2452 composita:
1238 2407 1358 2441 basali
1383 2417 1520 2451 nempe
1546 2407 1620 2440 cel-

172 2466 261 2500 lulis
288 2465 580 2500 horizontaliter
605 2464 824 2499 uniseriatis
850 2464 930 2499 fere
956 2464 995 2498 in
1021 2463 1085 2498 fila
1117 2466 1220 2498 arcte
1251 2464 1467 2508 conjuncta,
1493 2463 1621 2498 flabel-

174 2522 283 2557 latim
308 2521 499 2556 radiantia
524 2521 727 2562 ordinatis3
766 2521 961 2566 superiore
999 2521 1149 2555 cellulis
1175 2520 1413 2555 verticaliter
1440 2532 1621 2565 superpo-

175 2579 261 2614 sitis
286 2579 325 2613 in
350 2577 415 2612 fila
440 2577 643 2612 articulata
667 2578 816 2612 inferne
843 2577 1032 2612 crassiora
1056 2577 1132 2612 cito
1159 2579 1368 2620 attenuata,
1388 2577 1621 2612 dichotome-

173 2637 371 2683 fastigiata
395 2635 578 2671 arcuatim
604 2636 650 2670 ab
674 2635 855 2671 inferiore
880 2634 1125 2670 excurrentia
1149 2633 1364 2679 dispositis,
1388 2646 1496 2669 muco
1514 2635 1620 2669 tenui

175 2693 393 2737 obvallatis,
419 2692 640 2727 constituto.
688 2692 853 2727 Fructus
891 2691 1089 2735 utriusque
1127 2690 1279 2735 generis
1305 2690 1345 2724 in
1370 2691 1619 2725 nematheciis

176 2749 480 2796 superficialibus
497 2749 840 2784 maculaeformibus
859 2750 961 2783 calce
982 2748 1183 2782 denudatis
1202 2747 1357 2782 evoluti.
1393 2749 1425 2782 1.
1454 2748 1621 2794 Cystidia

175 2809 341 2853 oblonga
356 2806 663 2852 paranematibus
682 2806 823 2850 stipata
841 2817 990 2850 spor-am
1015 2804 1164 2839 unicam
1183 2804 1430 2840 obovoideam
1448 2806 1508 2840 vel
1527 2806 1619 2841 duas
