1757 3114
149 131 231 172 340
712 129 833 170 Rnon
840 140 1096 169 YMENIACEAE.
1395 130 1670 174 Ploeawmtum.

237 244 393 278 Formas
419 244 546 288 plures
573 254 594 276 a
620 242 823 287 Kutzingio
850 240 1035 285 depictas,
1062 251 1080 273 e
1105 241 1271 276 maribus
1292 242 1480 287 Europam
1499 244 1672 279 alluenti-

146 301 216 335 bus
241 300 434 343 oriundas,
461 300 507 334 ad
533 299 587 333 Pl.
626 300 841 334 coccineum
881 297 1075 342 pertinere
1114 298 1294 343 suspicor.
1345 299 1432 343 Quae
1471 300 1510 334 in
1548 313 1673 345 sporo—

145 357 286 402 phyllis
324 355 550 391 differentiae
588 356 728 391 adsunt
767 358 880 389 aetate
918 355 1085 398 pendere
1123 353 1227 389 finxi.
1277 355 1528 402 Sporophylla
1562 359 1672 403 hujus

145 414 298 459 speciei,
323 417 365 448 ut
390 414 562 458 aliarum,
587 412 697 448 initio
722 411 908 455 breviora,
935 411 1076 445 sensim
1112 413 1330 459 prolongari
1366 418 1471 459 puto,
1509 416 1673 459 sphaero-

145 483 339 517 sporarum
379 470 593 507 evolutione
632 481 651 503 a
688 469 769 505 basi
808 480 954 503 sursum
993 468 1276 513 progrediente.
1339 470 1673 516 Sporophyllorum

142 529 311 564 fruticuli
337 528 464 574 pinnis
490 527 770 562 transformatis
798 526 885 569 orti,
912 525 951 558 in
976 524 1095 559 forma
1112 527 1299 571 Europaea
1314 527 1437 562 minus
1457 530 1672 574 compositi:

140 587 181 620 in
208 585 476 632 speciminibus
503 584 741 619 Californicis
769 587 857 618 sunt
881 583 919 616 in
952 583 1121 627 apicibus
1158 584 1358 628 pinnarum
1395 588 1672 622 numerosiores

141 648 180 678 et
204 643 325 689 magis
351 640 619 687 deconi‘positi3
647 645 826 676 caeterum
865 640 927 674 vix
964 639 1119 674 diversi.
1167 641 1255 685 Ipsa
1291 644 1533 688 sporophylla
1568 646 1672 689 pedi-

140 702 279 735 cellata
304 703 368 734 aut
394 699 691 744 simpliciuscula
716 698 940 741 lanceolata,
968 700 1032 731 aut
1056 697 1154 731 infra
1180 698 1323 743 apicem
1360 700 1516 745 apiculis
1544 701 1671 747 singu—

139 758 186 793 lis
213 761 278 793 aut
303 758 432 803 paucis
459 758 661 800 instructa,
688 756 733 790 ad
758 756 915 790 formam
943 755 1135 789 stellatam
1170 756 1379 791 vicinarum
1411 758 1465 792 ita
1494 760 1670 803 quodam-

138 815 248 849 modo
275 813 485 849 tendentia.
537 813 750 859 Specimina
786 812 1047 855 australasica,
1085 823 1168 856 quae
1205 814 1250 848 ab
1289 814 1505 849 auctoribus
1543 816 1589 850 ad
1615 816 1669 850 Pl.

139 872 352 907 coccineum
380 871 611 915 referuntur,
637 871 776 916 partim
806 871 939 905 saltem
958 871 1004 905 ad
1031 871 1122 904 alias
1151 872 1296 916 species
1322 872 1531 917 pertinent.
1581 874 1669 917 Quae

137 930 206 965 hoc
231 930 314 965 loco
341 930 407 964 sub
434 929 490 964 Pl.
517 928 692 964 coccineo
717 931 973 962 memorantur
999 931 1145 962 tantum
1174 929 1321 963 sterilia
1346 929 1437 964 vidi.

138 1036 174 1075 5.
206 1033 275 1075 PL.
307 1047 579 1075 SECUNDATUM
610 1034 765 1088 (Ke‘itz.
789 1033 871 1074 tab.
899 1031 1027 1086 Plzyc.
1062 1032 1148 1074 Vol.
1177 1033 1305 1075 XVI
1321 1035 1402 1075 tab.
1427 1036 1494 1088 42)
1519 1035 1669 1078 fronde

249 1106 429 1156 anguste
461 1102 614 1143 lineari
646 1105 837 1143 ecostata
882 1101 1386 1155 decomposito-pinnata,
1418 1104 1559 1156 pinnis
1606 1105 1668 1146 al-

247 1175 369 1212 terne
401 1184 536 1224 usque
567 1171 707 1224 quinis
754 1170 930 1217 senisve,
978 1169 1181 1211 inferiore
1218 1171 1470 1226 laciniisque
1503 1176 1662 1227 superi—

249 1254 371 1281 orum
404 1253 429 1280 a
460 1240 553 1281 basi
585 1253 738 1292 parum
769 1237 924 1280 latiore
956 1240 1213 1280 acuminatis
1246 1240 1457 1282 subulatis
1480 1242 1666 1297 integer-

245 1308 378 1357 rimis,
412 1307 790 1362 sporophyllorum
828 1306 1044 1348 fruticulis
1085 1307 1463 1351 transformatione
1501 1310 1666 1364 pinnel-

246 1375 387 1416 larum
419 1375 671 1417 inferiorum
717 1376 835 1423 ortis,
883 1389 1004 1417 secus
1050 1377 1266 1430 margines
1312 1377 1495 1427 seriatis,
1536 1393 1667 1432 supra

246 1443 505 1497 pedicellum
536 1458 803 1485 communem
835 1444 1263 1496 divaricato-lobatis,
1311 1446 1420 1488 lobis
1465 1447 1664 1489 brevissi-

245 1513 324 1554 mis
356 1527 381 1554 a
412 1513 507 1555 basi
537 1513 627 1554 lata
658 1513 1061 1554 comeo-attenuatis
1094 1512 1301 1555 stellatim
1331 1515 1663 1568 divergentibus.

249 1580 316 1623 Pl.
348 1582 578 1629 commem
608 1583 648 1632 β.
680 1581 872 1623 colostrale
902 1580 948 1623 J.
981 1580 1061 1634 Ay.
1098 1580 1170 1634 Sp.
1192 1595 1239 1635 p.
1272 1582 1364 1623 395.

393 1661 503 1703 Hab.
536 1661 579 1701 in
611 1661 781 1702 Oceano
812 1660 994 1702 australi
1025 1660 1081 1702 ad
1112 1659 1214 1714 Cap.
1246 1661 1379 1704 Horn.

128 1768 165 1808 6.
197 1766 268 1807 PL.
301 1779 577 1807 GLOMERATUM
609 1765 671 1823 (J.
705 1765 786 1819 Ass.
826 1765 896 1818 Sp.
921 1780 967 1818 p.
1001 1766 1102 1821 397)
1134 1766 1285 1808 fronde
1307 1771 1487 1821 anguste
1509 1768 1662 1810 lineari

240 1837 431 1875 ecostata
462 1834 967 1888 decomposito-pinnata,
1000 1835 1140 1887 pinnis
1186 1834 1350 1876 alterne
1387 1850 1523 1890 usque
1555 1851 1660 1890 qua-

238 1902 373 1942 ternis
406 1902 647 1955 quinisque,
679 1901 882 1943 inferiore
914 1902 1294 1956 superioribusque
1326 1904 1575 1956 pinnulatis,
1598 1905 1659 1945 la-

238 1970 360 2011 ciniis
392 1983 418 2011 a
458 1970 550 2011 basi
596 1969 750 2011 latiore
796 1971 1052 2011 acuminatis
1099 1971 1312 2012 subulatis
1357 1972 1658 2026 integerrimis,

235 2037 606 2092 sporophyllorum
628 2037 842 2079 fruticulis
863 2038 1242 2080 transformatione
1263 2040 1552 2092 pinnellarum
1583 2056 1653 2082 su-

237 2108 456 2160 periorum
486 2105 575 2147 fere
607 2107 796 2147 omnium
829 2107 934 2148 ortis
968 2107 1137 2148 demum
1180 2108 1526 2161 subglomeratis,
1558 2124 1655 2163 spo-

235 2173 441 2227 rophyllis
473 2187 605 2226 supra
636 2174 892 2227 pedicellum
923 2188 1190 2217 communem
1231 2177 1536 2230 subpalmatim
1568 2178 1655 2219 dis-

237 2242 399 2295 positis,
430 2242 565 2283 radiis
598 2242 804 2295 stipitatis
834 2242 1028 2284 furcatis.

388 2322 453 2363 Ad
484 2321 586 2375 Cap.
620 2322 658 2364 b.
691 2322 801 2376 Spei.

120 2440 159 2480 7.
190 2437 261 2479 PL.
292 2451 466 2478 RIGIDUM
497 2437 564 2491 (J.
599 2438 679 2491 Ay.
715 2439 786 2492 Sp.
809 2452 856 2492 p.
881 2441 983 2495 397)
1005 2440 1156 2483 fronde
1180 2446 1361 2494 anguste
1383 2442 1535 2483 lineari
1558 2456 1651 2484 eco-

234 2509 349 2547 stata
379 2505 887 2560 decomposito-pinnata,
920 2509 1061 2560 pinnis
1092 2509 1368 2551 inferioribus
1391 2509 1557 2552 alterne
1578 2524 1650 2564 ge-

231 2574 371 2624 minis,
417 2575 637 2626 superiore
682 2574 934 2629 laciniisque
981 2577 1250 2629 superiorum
1287 2592 1313 2618 a
1359 2578 1451 2620 basi
1496 2593 1649 2632 parum

231 2642 385 2683 latiore
416 2642 673 2683 acuminatis
704 2643 916 2685 subulatis
947 2644 1249 2698 integerrimis,
1273 2646 1648 2701 sporophyllorum

228 2708 446 2751 fruticulis
492 2709 872 2752 transformatione
903 2712 1192 2764 pinnellarum
1223 2715 1493 2768 superiorum
1528 2716 1646 2764 ortis,

230 2776 520 2832 sporophyllis
551 2792 683 2832 supra
727 2779 982 2833 peslicellum
1027 2795 1294 2824 communem
1341 2783 1646 2836 subpahnatim

227 2845 459 2899 dispositis,
491 2846 625 2888 radiis
653 2848 858 2901 stipitatis
880 2848 1071 2891 furcatis.
1109 2849 1176 2892 Pl.
1208 2851 1392 2904 riyz'dmn
1424 2850 1546 2904 Boo-32]
1577 2866 1645 2905 (ep.
