<?xml version="1.0" encoding="UTF-8"?>
<!DOCTYPE html PUBLIC "-//W3C//DTD XHTML 1.0 Transitional//EN"
    "http://www.w3.org/TR/xhtml1/DTD/xhtml1-transitional.dtd">
<html xmlns="http://www.w3.org/1999/xhtml" xml:lang="en" lang="en">
 <head>
  <title>
</title>
<meta http-equiv="Content-Type" content="text/html;charset=utf-8" />
  <meta name='ocr-system' content='tesseract 3.04.00' />
  <meta name='ocr-capabilities' content='ocr_page ocr_carea ocr_par ocr_line ocrx_word'/>
</head>
<body>
  <div class='ocr_page' id='page_1' title='image "./speciesgeneraeto0301agar_0145.png"; bbox 0 0 1762 3036; ppageno 0'>
   <div class='ocr_carea' id='block_1_1' title="bbox 61 111 1590 157">
    <p class='ocr_par' dir='ltr' id='par_1_1' title="bbox 61 111 1590 157">
     <span class='ocr_line' id='line_1_1' title="bbox 61 111 1590 157; baseline 0.001 -1"><span class='ocrx_word' id='word_1_1' title='bbox 61 111 346 156; x_wconf 72' lang='lat' dir='ltr'>Nemastoma.</span> <span class='ocrx_word' id='word_1_2' title='bbox 629 112 1025 154; x_wconf 69' lang='lat' dir='ltr'>CRYPTONEMIAOEAE.</span> <span class='ocrx_word' id='word_1_3' title='bbox 1512 115 1590 157; x_wconf 72' lang='lat'>129</span> 
     </span>
    </p>
   </div>
   <div class='ocr_carea' id='block_1_2' title="bbox 54 225 1590 489">
    <p class='ocr_par' dir='ltr' id='par_1_2' title="bbox 54 225 1590 489">
     <span class='ocr_line' id='line_1_2' title="bbox 54 225 1590 284; baseline 0 -14"><span class='ocrx_word' id='word_1_4' title='bbox 54 231 90 271; x_wconf 78' lang='lat'>9.</span> <span class='ocrx_word' id='word_1_5' title='bbox 123 228 171 270; x_wconf 90' lang='lat' dir='ltr'>N.</span> <span class='ocrx_word' id='word_1_6' title='bbox 204 239 466 270; x_wconf 71' lang='lat' dir='ltr'>cnavreoams</span> <span class='ocrx_word' id='word_1_7' title='bbox 498 225 565 279; x_wconf 84' lang='lat' dir='ltr'>(J.</span> <span class='ocrx_word' id='word_1_8' title='bbox 598 226 679 279; x_wconf 65' lang='lat' dir='ltr'>Ass.</span> <span class='ocrx_word' id='word_1_9' title='bbox 719 226 815 280; x_wconf 66' lang='lat' dir='ltr'>Aly.</span> <span class='ocrx_word' id='word_1_10' title='bbox 847 227 942 269; x_wconf 78' lang='lat' dir='ltr'>med</span> <span class='ocrx_word' id='word_1_11' title='bbox 962 242 1010 280; x_wconf 69' lang='lat' dir='ltr'>p.</span> <span class='ocrx_word' id='word_1_12' title='bbox 1043 230 1115 284; x_wconf 74' lang='lat'>97)</span> <span class='ocrx_word' id='word_1_13' title='bbox 1146 228 1298 270; x_wconf 85' lang='lat' dir='ltr'>fronde</span> <span class='ocrx_word' id='word_1_14' title='bbox 1329 229 1590 283; x_wconf 83' lang='lat' dir='ltr'>gelatinoso-</span> 
     </span>
     <span class='ocr_line' id='line_1_3' title="bbox 165 294 1590 353; baseline 0.001 -15"><span class='ocrx_word' id='word_1_15' title='bbox 165 308 343 338; x_wconf 82' lang='lat' dir='ltr'>carnosa</span> <span class='ocrx_word' id='word_1_16' title='bbox 374 294 587 347; x_wconf 88' lang='lat' dir='ltr'>subplana</span> <span class='ocrx_word' id='word_1_17' title='bbox 615 295 754 337; x_wconf 90' lang='lat' dir='ltr'>sessili</span> <span class='ocrx_word' id='word_1_18' title='bbox 789 296 1271 339; x_wconf 86' lang='lat' dir='ltr'>dichotomo-multifida</span> <span class='ocrx_word' id='word_1_19' title='bbox 1291 301 1334 339; x_wconf 92' lang='lat' dir='ltr'>et</span> <span class='ocrx_word' id='word_1_20' title='bbox 1355 312 1380 339; x_wconf 86' lang='lat' dir='ltr'>a</span> <span class='ocrx_word' id='word_1_21' title='bbox 1397 299 1590 353; x_wconf 79' lang='lat' dir='ltr'>margine</span> 
     </span>
     <span class='ocr_line' id='line_1_4' title="bbox 162 364 1586 420; baseline 0.003 -14"><span class='ocrx_word' id='word_1_22' title='bbox 162 366 289 406; x_wconf 87' lang='lat' dir='ltr'>dense</span> <span class='ocrx_word' id='word_1_23' title='bbox 320 364 513 417; x_wconf 85' lang='lat' dir='ltr'>pinnata,</span> <span class='ocrx_word' id='word_1_24' title='bbox 546 366 777 418; x_wconf 77' lang='lat' dir='ltr'>segmentis</span> <span class='ocrx_word' id='word_1_25' title='bbox 808 366 1036 420; x_wconf 79' lang='lat' dir='ltr'>pinnisque</span> <span class='ocrx_word' id='word_1_26' title='bbox 1067 366 1316 420; x_wconf 78' lang='lat' dir='ltr'>linearibus,</span> <span class='ocrx_word' id='word_1_27' title='bbox 1348 369 1586 410; x_wconf 88' lang='lat' dir='ltr'>terminali-</span> 
     </span>
     <span class='ocr_line' id='line_1_5' title="bbox 161 432 1588 489; baseline 0.002 -15"><span class='ocrx_word' id='word_1_28' title='bbox 161 437 237 474; x_wconf 89' lang='lat' dir='ltr'>bus</span> <span class='ocrx_word' id='word_1_29' title='bbox 269 432 718 484; x_wconf 86' lang='lat' dir='ltr'>divarico-multifidis,</span> <span class='ocrx_word' id='word_1_30' title='bbox 751 433 948 475; x_wconf 88' lang='lat' dir='ltr'>lacinulis</span> <span class='ocrx_word' id='word_1_31' title='bbox 981 434 1216 478; x_wconf 78' lang='lat' dir='ltr'>linearibus</span> <span class='ocrx_word' id='word_1_32' title='bbox 1239 437 1415 479; x_wconf 89' lang='lat' dir='ltr'>obtusis.</span> <span class='ocrx_word' id='word_1_33' title='bbox 1439 436 1484 479; x_wconf 86' lang='lat' dir='ltr'>J.</span> <span class='ocrx_word' id='word_1_34' title='bbox 1506 437 1588 489; x_wconf 68' lang='lat' dir='ltr'>As).</span> 
     </span>
    </p>
   </div>
   <div class='ocr_carea' id='block_1_3' title="bbox 161 503 1589 626">
    <p class='ocr_par' dir='ltr' id='par_1_3' title="bbox 161 503 1589 626">
     <span class='ocr_line' id='line_1_6' title="bbox 164 503 1589 560; baseline 0.003 -14"><span class='ocrx_word' id='word_1_35' title='bbox 164 503 234 555; x_wconf 72' lang='lat' dir='ltr'>Sp.</span> <span class='ocrx_word' id='word_1_36' title='bbox 258 517 303 555; x_wconf 73' lang='lat' dir='ltr'>p.</span> <span class='ocrx_word' id='word_1_37' title='bbox 338 504 412 543; x_wconf 81' lang='grc'>167</span> <span class='ocrx_word' id='word_1_38' title='bbox 449 503 714 555; x_wconf 68' lang='lat' dir='ltr'>Halymenia</span> <span class='ocrx_word' id='word_1_39' title='bbox 745 503 978 557; x_wconf 66' lang='lat' dir='ltr'>cyclocolpa</span> <span class='ocrx_word' id='word_1_40' title='bbox 1018 505 1154 547; x_wconf 68' lang='lat' dir='ltr'>Mem.</span> <span class='ocrx_word' id='word_1_41' title='bbox 1190 506 1236 548; x_wconf 86' lang='lat' dir='ltr'><em>F</em></span> <span class='ocrx_word' id='word_1_42' title='bbox 1238 507 1262 547; x_wconf 81' lang='lat' dir='ltr'>Z.</span> <span class='ocrx_word' id='word_1_43' title='bbox 1295 506 1392 560; x_wconf 69' lang='lat' dir='ltr'>Aly.</span> <span class='ocrx_word' id='word_1_44' title='bbox 1414 521 1462 559; x_wconf 71' lang='lat' dir='ltr'>p.</span> <span class='ocrx_word' id='word_1_45' title='bbox 1498 508 1589 550; x_wconf 73' lang='grc'><strong>116.</strong></span> 
     </span>
     <span class='ocr_line' id='line_1_7' title="bbox 161 571 1588 626; baseline 0.004 -14"><span class='ocrx_word' id='word_1_46' title='bbox 161 571 242 613; x_wconf 72' lang='lat' dir='ltr'>tab.</span> <span class='ocrx_word' id='word_1_47' title='bbox 279 572 324 611; x_wconf 86' lang='lat' dir='ltr'>ll</span> <span class='ocrx_word' id='word_1_48' title='bbox 348 571 425 625; x_wconf 72' lang='lat' dir='ltr'>fiy.</span> <span class='ocrx_word' id='word_1_49' title='bbox 459 571 520 613; x_wconf 77' lang='lat' dir='ltr'>a?</span> <span class='ocrx_word' id='word_1_50' title='bbox 554 573 684 614; x_wconf 53' lang='lat' dir='ltr'>Karta.</span> <span class='ocrx_word' id='word_1_51' title='bbox 717 573 799 614; x_wconf 71' lang='lat' dir='ltr'>tab.</span> <span class='ocrx_word' id='word_1_52' title='bbox 836 572 972 626; x_wconf 39' lang='lat' dir='ltr'>Plefye.</span> <span class='ocrx_word' id='word_1_53' title='bbox 1016 573 1102 615; x_wconf 77' lang='lat' dir='ltr'>Vol.</span> <span class='ocrx_word' id='word_1_54' title='bbox 1139 575 1202 616; x_wconf 75' lang='lat'>16.</span> <span class='ocrx_word' id='word_1_55' title='bbox 1233 576 1314 617; x_wconf 75' lang='grc' dir='ltr'>ΐαῖ).</span> <span class='ocrx_word' id='word_1_56' title='bbox 1338 576 1402 616; x_wconf 79' lang='lat'>94.</span> <span class='ocrx_word' id='word_1_57' title='bbox 1431 576 1588 618; x_wconf 74' lang='lat' dir='ltr'>Nema-</span> 
     </span>
    </p>
   </div>
   <div class='ocr_carea' id='block_1_4' title="bbox 158 639 1114 763">
    <p class='ocr_par' dir='ltr' id='par_1_4' title="bbox 158 639 1114 763">
     <span class='ocr_line' id='line_1_8' title="bbox 158 639 1114 693; baseline 0.002 -13"><span class='ocrx_word' id='word_1_58' title='bbox 158 643 276 681; x_wconf 75' lang='lat' dir='ltr'>stom.</span> <span class='ocrx_word' id='word_1_59' title='bbox 308 639 543 693; x_wconf 64' lang='lat' dir='ltr'>cyclocolpa</span> <span class='ocrx_word' id='word_1_60' title='bbox 576 641 760 683; x_wconf 69' lang='lat' dir='ltr'>Zcmard</span> <span class='ocrx_word' id='word_1_61' title='bbox 789 641 905 683; x_wconf 72' lang='lat' dir='ltr'>[con.</span> <span class='ocrx_word' id='word_1_62' title='bbox 937 642 1019 683; x_wconf 76' lang='lat' dir='ltr'>tab.</span> <span class='ocrx_word' id='word_1_63' title='bbox 1050 643 1114 683; x_wconf 80' lang='lat'>76.</span> 
     </span>
     <span class='ocr_line' id='line_1_9' title="bbox 307 719 997 763; baseline 0.003 -3"><span class='ocrx_word' id='word_1_64' title='bbox 307 719 418 761; x_wconf 87' lang='lat' dir='ltr'>Hab.</span> <span class='ocrx_word' id='word_1_65' title='bbox 451 721 494 761; x_wconf 89' lang='lat' dir='ltr'>in</span> <span class='ocrx_word' id='word_1_66' title='bbox 526 722 636 762; x_wconf 87' lang='lat' dir='ltr'>mari</span> <span class='ocrx_word' id='word_1_67' title='bbox 666 721 997 763; x_wconf 88' lang='lat' dir='ltr'>mediterraneo.</span> 
     </span>
    </p>
   </div>
   <div class='ocr_carea' id='block_1_5' title="bbox 28 799 1585 1931">
    <p class='ocr_par' dir='ltr' id='par_1_5' title="bbox 28 799 1585 1931">
     <span class='ocr_line' id='line_1_10' title="bbox 131 799 1585 847; baseline 0.001 -13"><span class='ocrx_word' id='word_1_68' title='bbox 131 800 214 834; x_wconf 85' lang='lat' dir='ltr'>Jam</span> <span class='ocrx_word' id='word_1_69' title='bbox 250 799 290 834; x_wconf 93' lang='lat' dir='ltr'>in</span> <span class='ocrx_word' id='word_1_70' title='bbox 316 801 496 845; x_wconf 87' lang='lat' dir='ltr'>opusculo</span> <span class='ocrx_word' id='word_1_71' title='bbox 535 801 581 834; x_wconf 85' lang='lat' dir='ltr'>de</span> <span class='ocrx_word' id='word_1_72' title='bbox 618 801 726 847; x_wconf 83' lang='lat' dir='ltr'>Algis</span> <span class='ocrx_word' id='word_1_73' title='bbox 761 801 1056 836; x_wconf 88' lang='lat' dir='ltr'>mediterraneis</span> <span class='ocrx_word' id='word_1_74' title='bbox 1094 802 1192 835; x_wconf 85' lang='lat' dir='ltr'>hanc</span> <span class='ocrx_word' id='word_1_75' title='bbox 1229 805 1267 836; x_wconf 92' lang='lat' dir='ltr'>et</span> <span class='ocrx_word' id='word_1_76' title='bbox 1294 803 1585 837; x_wconf 75' lang='lat' dir='ltr'>antecedentem</span> 
     </span>
     <span class='ocr_line' id='line_1_11' title="bbox 44 856 1585 903; baseline 0.001 -12"><span class='ocrx_word' id='word_1_77' title='bbox 44 856 208 902; x_wconf 86' lang='lat' dir='ltr'>speciem</span> <span class='ocrx_word' id='word_1_78' title='bbox 235 856 475 901; x_wconf 82' lang='lat' dir='ltr'>distinguere</span> <span class='ocrx_word' id='word_1_79' title='bbox 502 869 613 891; x_wconf 83' lang='lat' dir='ltr'>ausus</span> <span class='ocrx_word' id='word_1_80' title='bbox 641 870 740 899; x_wconf 80' lang='lat' dir='ltr'>sum;</span> <span class='ocrx_word' id='word_1_81' title='bbox 768 861 806 892; x_wconf 92' lang='lat' dir='ltr'>et</span> <span class='ocrx_word' id='word_1_82' title='bbox 831 858 877 892; x_wconf 87' lang='lat' dir='ltr'>de</span> <span class='ocrx_word' id='word_1_83' title='bbox 905 859 1131 893; x_wconf 85' lang='lat' dir='ltr'>diversitate</span> <span class='ocrx_word' id='word_1_84' title='bbox 1157 859 1356 903; x_wconf 85' lang='lat' dir='ltr'>utriusque</span> <span class='ocrx_word' id='word_1_85' title='bbox 1375 860 1585 902; x_wconf 86' lang='lat' dir='ltr'>convictus,</span> 
     </span>
     <span class='ocr_line' id='line_1_12' title="bbox 42 914 1583 962; baseline 0.002 -14"><span class='ocrx_word' id='word_1_86' title='bbox 42 918 240 958; x_wconf 86' lang='lat' dir='ltr'>utramque</span> <span class='ocrx_word' id='word_1_87' title='bbox 279 914 445 959; x_wconf 86' lang='lat' dir='ltr'>speciem</span> <span class='ocrx_word' id='word_1_88' title='bbox 483 916 550 950; x_wconf 87' lang='lat' dir='ltr'>snb</span> <span class='ocrx_word' id='word_1_89' title='bbox 588 916 804 950; x_wconf 75' lang='lat' dir='ltr'>nominibus</span> <span class='ocrx_word' id='word_1_90' title='bbox 844 916 1031 961; x_wconf 86' lang='lat' dir='ltr'>specificis</span> <span class='ocrx_word' id='word_1_91' title='bbox 1068 928 1089 950; x_wconf 88' lang='lat' dir='ltr'>a</span> <span class='ocrx_word' id='word_1_92' title='bbox 1112 928 1172 951; x_wconf 88' lang='lat' dir='ltr'>me</span> <span class='ocrx_word' id='word_1_93' title='bbox 1199 920 1312 951; x_wconf 86' lang='lat' dir='ltr'>antea</span> <span class='ocrx_word' id='word_1_94' title='bbox 1347 918 1512 962; x_wconf 77' lang='lat' dir='ltr'>receptis</span> <span class='ocrx_word' id='word_1_95' title='bbox 1546 918 1583 950; x_wconf 89' lang='grc'>111</span> 
     </span>
     <span class='ocr_line' id='line_1_13' title="bbox 42 971 1584 1018; baseline 0.003 -13"><span class='ocrx_word' id='word_1_96' title='bbox 42 971 211 1016; x_wconf 87' lang='lat' dir='ltr'>Specieb.</span> <span class='ocrx_word' id='word_1_97' title='bbox 251 972 382 1017; x_wconf 81' lang='lat' dir='ltr'>Algar.</span> <span class='ocrx_word' id='word_1_98' title='bbox 421 972 630 1007; x_wconf 81' lang='lat' dir='ltr'>introduxi.</span> <span class='ocrx_word' id='word_1_99' title='bbox 682 973 836 1018; x_wconf 79' lang='lat' dir='ltr'>Species</span> <span class='ocrx_word' id='word_1_100' title='bbox 877 974 1048 1008; x_wconf 86' lang='lat' dir='ltr'>diversas</span> <span class='ocrx_word' id='word_1_101' title='bbox 1087 985 1169 1008; x_wconf 82' lang='lat' dir='ltr'>esse</span> <span class='ocrx_word' id='word_1_102' title='bbox 1200 986 1270 1009; x_wconf 88' lang='lat' dir='ltr'>nec</span> <span class='ocrx_word' id='word_1_103' title='bbox 1296 975 1408 1009; x_wconf 87' lang='lat' dir='ltr'>hodie</span> <span class='ocrx_word' id='word_1_104' title='bbox 1435 974 1584 1014; x_wconf 75' lang='lat' dir='ltr'>dubito;</span> 
     </span>
     <span class='ocr_line' id='line_1_14' title="bbox 41 1028 1584 1075; baseline 0.001 -12"><span class='ocrx_word' id='word_1_105' title='bbox 41 1028 132 1063; x_wconf 87' lang='lat' dir='ltr'>licet</span> <span class='ocrx_word' id='word_1_106' title='bbox 158 1029 399 1063; x_wconf 74' lang='lat' dir='ltr'>characteres</span> <span class='ocrx_word' id='word_1_107' title='bbox 439 1029 669 1073; x_wconf 75' lang='lat' dir='ltr'>diagnostici</span> <span class='ocrx_word' id='word_1_108' title='bbox 705 1042 807 1075; x_wconf 77' lang='lat' dir='ltr'>aegre</span> <span class='ocrx_word' id='word_1_109' title='bbox 834 1032 961 1066; x_wconf 89' lang='lat' dir='ltr'>verbis</span> <span class='ocrx_word' id='word_1_110' title='bbox 989 1031 1272 1066; x_wconf 86' lang='lat' dir='ltr'>describuntur.</span> <span class='ocrx_word' id='word_1_111' title='bbox 1321 1033 1364 1066; x_wconf 87' lang='lat' dir='ltr'>In</span> <span class='ocrx_word' id='word_1_112' title='bbox 1390 1033 1434 1067; x_wconf 91' lang='lat' dir='ltr'>N.</span> <span class='ocrx_word' id='word_1_113' title='bbox 1463 1033 1584 1066; x_wconf 84' lang='lat' dir='ltr'>cervi-</span> 
     </span>
     <span class='ocr_line' id='line_1_15' title="bbox 39 1086 1583 1134; baseline 0.002 -15"><span class='ocrx_word' id='word_1_114' title='bbox 39 1086 145 1120; x_wconf 90' lang='lat' dir='ltr'>corni</span> <span class='ocrx_word' id='word_1_115' title='bbox 172 1086 329 1120; x_wconf 87' lang='lat' dir='ltr'>lacinias</span> <span class='ocrx_word' id='word_1_116' title='bbox 363 1086 516 1120; x_wconf 85' lang='lat' dir='ltr'>ultimas</span> <span class='ocrx_word' id='word_1_117' title='bbox 542 1086 621 1120; x_wconf 89' lang='lat' dir='ltr'>vidi</span> <span class='ocrx_word' id='word_1_118' title='bbox 649 1088 840 1133; x_wconf 78' lang='lat' dir='ltr'>longiores</span> <span class='ocrx_word' id='word_1_119' title='bbox 868 1100 978 1132; x_wconf 83' lang='lat' dir='ltr'>quam</span> <span class='ocrx_word' id='word_1_120' title='bbox 1008 1089 1104 1122; x_wconf 86' lang='lat' dir='ltr'>latas</span> <span class='ocrx_word' id='word_1_121' title='bbox 1132 1092 1170 1123; x_wconf 89' lang='lat' dir='ltr'>et</span> <span class='ocrx_word' id='word_1_122' title='bbox 1195 1088 1234 1122; x_wconf 92' lang='lat' dir='ltr'>in</span> <span class='ocrx_word' id='word_1_123' title='bbox 1261 1089 1386 1134; x_wconf 83' lang='lat' dir='ltr'>apices</span> <span class='ocrx_word' id='word_1_124' title='bbox 1413 1089 1583 1123; x_wconf 86' lang='lat' dir='ltr'>obtusiu-</span> 
     </span>
     <span class='ocr_line' id='line_1_16' title="bbox 39 1143 1583 1189; baseline 0.002 -13"><span class='ocrx_word' id='word_1_125' title='bbox 39 1143 162 1177; x_wconf 89' lang='lat' dir='ltr'>sculos</span> <span class='ocrx_word' id='word_1_126' title='bbox 202 1146 439 1181; x_wconf 87' lang='lat' dir='ltr'>attenuatas:</span> <span class='ocrx_word' id='word_1_127' title='bbox 472 1145 512 1178; x_wconf 86' lang='lat' dir='ltr'>in</span> <span class='ocrx_word' id='word_1_128' title='bbox 537 1144 583 1178; x_wconf 92' lang='lat' dir='ltr'>N.</span> <span class='ocrx_word' id='word_1_129' title='bbox 608 1144 798 1179; x_wconf 82' lang='lat' dir='ltr'>multifida</span> <span class='ocrx_word' id='word_1_130' title='bbox 822 1145 980 1180; x_wconf 83' lang='lat' dir='ltr'>lacinias</span> <span class='ocrx_word' id='word_1_131' title='bbox 1007 1145 1160 1179; x_wconf 84' lang='lat' dir='ltr'>ultimas</span> <span class='ocrx_word' id='word_1_132' title='bbox 1186 1145 1265 1179; x_wconf 87' lang='lat' dir='ltr'>fere</span> <span class='ocrx_word' id='word_1_133' title='bbox 1290 1146 1446 1180; x_wconf 87' lang='lat' dir='ltr'>latiores</span> <span class='ocrx_word' id='word_1_134' title='bbox 1473 1157 1583 1189; x_wconf 84' lang='lat' dir='ltr'>quam</span> 
     </span>
     <span class='ocr_line' id='line_1_17' title="bbox 39 1201 1583 1249; baseline 0.003 -15"><span class='ocrx_word' id='word_1_135' title='bbox 39 1201 184 1245; x_wconf 75' lang='lat' dir='ltr'>longas,</span> <span class='ocrx_word' id='word_1_136' title='bbox 211 1212 310 1235; x_wconf 91' lang='lat' dir='ltr'>nunc</span> <span class='ocrx_word' id='word_1_137' title='bbox 337 1202 539 1237; x_wconf 81' lang='lat' dir='ltr'>admodum</span> <span class='ocrx_word' id='word_1_138' title='bbox 565 1205 732 1238; x_wconf 87' lang='lat' dir='ltr'>obtusas.</span> <span class='ocrx_word' id='word_1_139' title='bbox 782 1204 973 1238; x_wconf 84' lang='lat' dir='ltr'>Frondem</span> <span class='ocrx_word' id='word_1_140' title='bbox 999 1207 1194 1238; x_wconf 83' lang='lat' dir='ltr'>recentem</span> <span class='ocrx_word' id='word_1_141' title='bbox 1215 1204 1413 1248; x_wconf 85' lang='lat' dir='ltr'>utriusque</span> <span class='ocrx_word' id='word_1_142' title='bbox 1431 1205 1583 1249; x_wconf 83' lang='lat' dir='ltr'>planam</span> 
     </span>
     <span class='ocr_line' id='line_1_18' title="bbox 38 1257 1582 1305; baseline 0.003 -15"><span class='ocrx_word' id='word_1_143' title='bbox 38 1257 167 1298; x_wconf 85' lang='lat' dir='ltr'>credo;</span> <span class='ocrx_word' id='word_1_144' title='bbox 205 1257 245 1291; x_wconf 88' lang='lat' dir='ltr'>in</span> <span class='ocrx_word' id='word_1_145' title='bbox 271 1258 315 1292; x_wconf 92' lang='lat' dir='ltr'>N.</span> <span class='ocrx_word' id='word_1_146' title='bbox 344 1259 558 1293; x_wconf 87' lang='lat' dir='ltr'>cervicorni</span> <span class='ocrx_word' id='word_1_147' title='bbox 583 1259 710 1294; x_wconf 83' lang='lat' dir='ltr'>forsan</span> <span class='ocrx_word' id='word_1_148' title='bbox 736 1260 775 1293; x_wconf 92' lang='lat' dir='ltr'>in</span> <span class='ocrx_word' id='word_1_149' title='bbox 800 1260 925 1294; x_wconf 90' lang='lat' dir='ltr'>medio</span> <span class='ocrx_word' id='word_1_150' title='bbox 951 1261 1146 1305; x_wconf 83' lang='lat' dir='ltr'>paulisper</span> <span class='ocrx_word' id='word_1_151' title='bbox 1171 1260 1355 1295; x_wconf 84' lang='lat' dir='ltr'>inflatam.</span> <span class='ocrx_word' id='word_1_152' title='bbox 1406 1261 1582 1295; x_wconf 86' lang='lat' dir='ltr'>Sectione</span> 
     </span>
     <span class='ocr_line' id='line_1_19' title="bbox 38 1316 1583 1363; baseline 0.002 -15"><span class='ocrx_word' id='word_1_153' title='bbox 38 1316 288 1349; x_wconf 85' lang='lat' dir='ltr'>transversali</span> <span class='ocrx_word' id='word_1_154' title='bbox 324 1316 424 1350; x_wconf 82' lang='lat' dir='ltr'>facta</span> <span class='ocrx_word' id='word_1_155' title='bbox 460 1318 667 1361; x_wconf 61' lang='lat' dir='ltr'>(segmenti</span> <span class='ocrx_word' id='word_1_156' title='bbox 702 1318 995 1362; x_wconf 85' lang='lat' dir='ltr'>antepenultimi</span> <span class='ocrx_word' id='word_1_157' title='bbox 1029 1319 1229 1362; x_wconf 87' lang='lat' dir='ltr'>utriusque</span> <span class='ocrx_word' id='word_1_158' title='bbox 1268 1319 1428 1363; x_wconf 82' lang='lat' dir='ltr'>speciei)</span> <span class='ocrx_word' id='word_1_159' title='bbox 1461 1322 1583 1353; x_wconf 83' lang='lat' dir='ltr'>struc-</span> 
     </span>
     <span class='ocr_line' id='line_1_20' title="bbox 37 1373 1580 1424; baseline 0.003 -19"><span class='ocrx_word' id='word_1_160' title='bbox 37 1375 124 1424; x_wconf 71' lang='lat' dir='ltr'>tura</span> <span class='ocrx_word' id='word_1_161' title='bbox 148 1376 206 1407; x_wconf 88' lang='lat' dir='ltr'>sat</span> <span class='ocrx_word' id='word_1_162' title='bbox 232 1373 435 1417; x_wconf 82' lang='lat' dir='ltr'>conspicue</span> <span class='ocrx_word' id='word_1_163' title='bbox 457 1374 609 1408; x_wconf 81' lang='lat' dir='ltr'>diversa</span> <span class='ocrx_word' id='word_1_164' title='bbox 630 1375 721 1408; x_wconf 89' lang='lat' dir='ltr'>mihi</span> <span class='ocrx_word' id='word_1_165' title='bbox 745 1375 939 1420; x_wconf 86' lang='lat' dir='ltr'>adparuit:</span> <span class='ocrx_word' id='word_1_166' title='bbox 968 1376 1008 1410; x_wconf 91' lang='lat' dir='ltr'>In</span> <span class='ocrx_word' id='word_1_167' title='bbox 1024 1377 1069 1411; x_wconf 90' lang='lat' dir='ltr'>N.</span> <span class='ocrx_word' id='word_1_168' title='bbox 1087 1376 1275 1410; x_wconf 85' lang='lat' dir='ltr'>multifida</span> <span class='ocrx_word' id='word_1_169' title='bbox 1289 1376 1392 1410; x_wconf 89' lang='lat' dir='ltr'>frons</span> <span class='ocrx_word' id='word_1_170' title='bbox 1407 1376 1580 1421; x_wconf 74' lang='lat' dir='ltr'>margine</span> 
     </span>
     <span class='ocr_line' id='line_1_21' title="bbox 36 1429 1582 1478; baseline 0.002 -15"><span class='ocrx_word' id='word_1_171' title='bbox 36 1429 114 1464; x_wconf 87' lang='lat' dir='ltr'>lato</span> <span class='ocrx_word' id='word_1_172' title='bbox 151 1430 331 1475; x_wconf 76' lang='lat' dir='ltr'>gelatinae</span> <span class='ocrx_word' id='word_1_173' title='bbox 371 1431 534 1475; x_wconf 51' lang='lat' dir='ltr'>hyalina*</span> <span class='ocrx_word' id='word_1_174' title='bbox 574 1432 761 1475; x_wconf 61' lang='lat' dir='ltr'>cingitum</span> <span class='ocrx_word' id='word_1_175' title='bbox 800 1433 840 1467; x_wconf 91' lang='lat' dir='ltr'>in</span> <span class='ocrx_word' id='word_1_176' title='bbox 872 1434 918 1469; x_wconf 90' lang='lat' dir='ltr'>N.</span> <span class='ocrx_word' id='word_1_177' title='bbox 947 1434 1159 1468; x_wconf 87' lang='lat' dir='ltr'>cervicorni</span> <span class='ocrx_word' id='word_1_178' title='bbox 1187 1433 1358 1478; x_wconf 80' lang='lat' dir='ltr'>gelatina</span> <span class='ocrx_word' id='word_1_179' title='bbox 1383 1436 1492 1467; x_wconf 84' lang='lat' dir='ltr'>extra</span> <span class='ocrx_word' id='word_1_180' title='bbox 1517 1433 1582 1466; x_wconf 86' lang='lat' dir='ltr'>fila</span> 
     </span>
     <span class='ocr_line' id='line_1_22' title="bbox 35 1487 1578 1536; baseline 0.002 -15"><span class='ocrx_word' id='word_1_181' title='bbox 35 1487 277 1532; x_wconf 86' lang='lat' dir='ltr'>peripherica</span> <span class='ocrx_word' id='word_1_182' title='bbox 314 1488 376 1523; x_wconf 81' lang='lat' dir='ltr'>vix</span> <span class='ocrx_word' id='word_1_183' title='bbox 413 1489 632 1533; x_wconf 82' lang='lat' dir='ltr'>conspicua3</span> <span class='ocrx_word' id='word_1_184' title='bbox 670 1489 730 1523; x_wconf 85' lang='lat' dir='ltr'>fila</span> <span class='ocrx_word' id='word_1_185' title='bbox 769 1491 1012 1536; x_wconf 84' lang='lat' dir='ltr'>peripherica</span> <span class='ocrx_word' id='word_1_186' title='bbox 1048 1492 1087 1525; x_wconf 86' lang='lat' dir='ltr'>in</span> <span class='ocrx_word' id='word_1_187' title='bbox 1121 1491 1165 1526; x_wconf 90' lang='lat' dir='ltr'>N.</span> <span class='ocrx_word' id='word_1_188' title='bbox 1192 1490 1382 1525; x_wconf 88' lang='lat' dir='ltr'>multifida</span> <span class='ocrx_word' id='word_1_189' title='bbox 1408 1490 1578 1524; x_wconf 86' lang='lat' dir='ltr'>articulis</span> 
     </span>
     <span class='ocr_line' id='line_1_23' title="bbox 34 1545 1578 1598; baseline 0.002 -20"><span class='ocrx_word' id='word_1_190' title='bbox 34 1545 356 1580; x_wconf 80' lang='lat' dir='ltr'>numerosioribus</span> <span class='ocrx_word' id='word_1_191' title='bbox 373 1546 452 1580; x_wconf 87' lang='lat' dir='ltr'>fere</span> <span class='ocrx_word' id='word_1_192' title='bbox 469 1547 724 1582; x_wconf 85' lang='lat' dir='ltr'>conformibus</span> <span class='ocrx_word' id='word_1_193' title='bbox 741 1550 952 1583; x_wconf 89' lang='lat' dir='ltr'>constituta</span> <span class='ocrx_word' id='word_1_194' title='bbox 966 1553 1004 1583; x_wconf 83' lang='lat' dir='ltr'>et</span> <span class='ocrx_word' id='word_1_195' title='bbox 1024 1549 1164 1594; x_wconf 88' lang='lat' dir='ltr'>pluries</span> <span class='ocrx_word' id='word_1_196' title='bbox 1184 1549 1343 1592; x_wconf 83' lang='lat' dir='ltr'>furcata,</span> <span class='ocrx_word' id='word_1_197' title='bbox 1363 1548 1578 1598; x_wconf 66' lang='lat' dir='ltr'>evidentius</span> 
     </span>
     <span class='ocr_line' id='line_1_24' title="bbox 34 1602 1578 1652; baseline 0.003 -17"><span class='ocrx_word' id='word_1_198' title='bbox 34 1602 250 1636; x_wconf 89' lang='lat' dir='ltr'>dichotoma</span> <span class='ocrx_word' id='word_1_199' title='bbox 285 1603 527 1642; x_wconf 82' lang='lat' dir='ltr'>fasciculata:</span> <span class='ocrx_word' id='word_1_200' title='bbox 553 1605 592 1639; x_wconf 90' lang='lat' dir='ltr'>in</span> <span class='ocrx_word' id='word_1_201' title='bbox 630 1606 676 1640; x_wconf 91' lang='lat' dir='ltr'>N.</span> <span class='ocrx_word' id='word_1_202' title='bbox 711 1607 922 1641; x_wconf 83' lang='lat' dir='ltr'>cervicorni</span> <span class='ocrx_word' id='word_1_203' title='bbox 948 1608 1078 1652; x_wconf 86' lang='lat' dir='ltr'>paucis</span> <span class='ocrx_word' id='word_1_204' title='bbox 1105 1607 1276 1641; x_wconf 84' lang='lat' dir='ltr'>articulis</span> <span class='ocrx_word' id='word_1_205' title='bbox 1304 1610 1496 1650; x_wconf 75' lang='lat' dir='ltr'>constant,</span> <span class='ocrx_word' id='word_1_206' title='bbox 1523 1606 1578 1640; x_wconf 90' lang='lat' dir='ltr'>in-</span> 
     </span>
     <span class='ocr_line' id='line_1_25' title="bbox 33 1659 1577 1710; baseline 0.003 -17"><span class='ocrx_word' id='word_1_207' title='bbox 33 1659 238 1695; x_wconf 84' lang='lat' dir='ltr'>terioribus</span> <span class='ocrx_word' id='word_1_208' title='bbox 264 1662 496 1705; x_wconf 78' lang='lat' dir='ltr'>rotundatis,</span> <span class='ocrx_word' id='word_1_209' title='bbox 525 1663 631 1706; x_wconf 84' lang='lat' dir='ltr'>quasi</span> <span class='ocrx_word' id='word_1_210' title='bbox 657 1664 856 1699; x_wconf 90' lang='lat' dir='ltr'>latioribus</span> <span class='ocrx_word' id='word_1_211' title='bbox 884 1676 994 1709; x_wconf 83' lang='lat' dir='ltr'>quam</span> <span class='ocrx_word' id='word_1_212' title='bbox 1020 1665 1161 1710; x_wconf 79' lang='lat' dir='ltr'>longis,</span> <span class='ocrx_word' id='word_1_213' title='bbox 1196 1664 1450 1699; x_wconf 80' lang='lat' dir='ltr'>exterioribus</span> <span class='ocrx_word' id='word_1_214' title='bbox 1484 1676 1577 1708; x_wconf 53' lang='lat' dir='ltr'>,ver-</span> 
     </span>
     <span class='ocr_line' id='line_1_26' title="bbox 33 1716 1575 1766; baseline 0.003 -17"><span class='ocrx_word' id='word_1_215' title='bbox 33 1716 206 1750; x_wconf 86' lang='lat' dir='ltr'>ticaliter</span> <span class='ocrx_word' id='word_1_216' title='bbox 254 1718 458 1763; x_wconf 77' lang='lat' dir='ltr'>elongatis.</span> <span class='ocrx_word' id='word_1_217' title='bbox 521 1720 563 1753; x_wconf 87' lang='lat' dir='ltr'>In</span> <span class='ocrx_word' id='word_1_218' title='bbox 602 1723 763 1764; x_wconf 84' lang='lat' dir='ltr'>utraque</span> <span class='ocrx_word' id='word_1_219' title='bbox 814 1721 940 1766; x_wconf 79' lang='lat' dir='ltr'>speeie</span> <span class='ocrx_word' id='word_1_220' title='bbox 979 1722 1082 1766; x_wconf 83' lang='lat' dir='ltr'>ipsos</span> <span class='ocrx_word' id='word_1_221' title='bbox 1120 1721 1312 1766; x_wconf 78' lang='lat' dir='ltr'>margines</span> <span class='ocrx_word' id='word_1_222' title='bbox 1349 1720 1575 1755; x_wconf 87' lang='lat' dir='ltr'>rotundatos</span> 
     </span>
     <span class='ocr_line' id='line_1_27' title="bbox 28 1772 1572 1823; baseline 0.004 -17"><span class='ocrx_word' id='word_1_223' title='bbox 28 1772 175 1808; x_wconf 85' lang='lat' dir='ltr'>frondis</span> <span class='ocrx_word' id='word_1_224' title='bbox 213 1773 288 1808; x_wconf 82' lang='lat' dir='ltr'>filis</span> <span class='ocrx_word' id='word_1_225' title='bbox 327 1776 579 1820; x_wconf 87' lang='lat' dir='ltr'>periphericis</span> <span class='ocrx_word' id='word_1_226' title='bbox 619 1777 854 1823; x_wconf 74' lang='lat' dir='ltr'>longioribus</span> <span class='ocrx_word' id='word_1_227' title='bbox 882 1782 1073 1822; x_wconf 84' lang='lat' dir='ltr'>constare,</span> <span class='ocrx_word' id='word_1_228' title='bbox 1101 1779 1408 1812; x_wconf 85' lang='lat' dir='ltr'>animadvertere</span> <span class='ocrx_word' id='word_1_229' title='bbox 1447 1778 1572 1812; x_wconf 82' lang='lat' dir='ltr'>(lecet.</span> 
     </span>
     <span class='ocr_line' id='line_1_28' title="bbox 30 1830 1572 1881; baseline 0.004 -18"><span class='ocrx_word' id='word_1_230' title='bbox 30 1830 181 1874; x_wconf 79' lang='lat' dir='ltr'>Species</span> <span class='ocrx_word' id='word_1_231' title='bbox 207 1831 349 1876; x_wconf 85' lang='lat' dir='ltr'>itaque,</span> <span class='ocrx_word' id='word_1_232' title='bbox 376 1835 417 1866; x_wconf 90' lang='lat' dir='ltr'>ut</span> <span class='ocrx_word' id='word_1_233' title='bbox 444 1844 464 1867; x_wconf 87' lang='lat' dir='ltr'>a</span> <span class='ocrx_word' id='word_1_234' title='bbox 489 1844 547 1867; x_wconf 87' lang='lat' dir='ltr'>me</span> <span class='ocrx_word' id='word_1_235' title='bbox 574 1837 685 1868; x_wconf 86' lang='lat' dir='ltr'>antea</span> <span class='ocrx_word' id='word_1_236' title='bbox 710 1835 906 1880; x_wconf 84' lang='lat' dir='ltr'>limitatas,</span> <span class='ocrx_word' id='word_1_237' title='bbox 933 1847 1132 1881; x_wconf 80' lang='lat' dir='ltr'>conservo,</span> <span class='ocrx_word' id='word_1_238' title='bbox 1158 1849 1233 1871; x_wconf 90' lang='lat' dir='ltr'>non</span> <span class='ocrx_word' id='word_1_239' title='bbox 1251 1836 1493 1871; x_wconf 85' lang='lat' dir='ltr'>obstantibus</span> <span class='ocrx_word' id='word_1_240' title='bbox 1512 1835 1572 1879; x_wconf 89' lang='lat' dir='ltr'>iis,</span> 
     </span>
     <span class='ocr_line' id='line_1_29' title="bbox 29 1889 925 1931; baseline 0.007 -9"><span class='ocrx_word' id='word_1_241' title='bbox 29 1898 111 1931; x_wconf 82' lang='lat' dir='ltr'>quae</span> <span class='ocrx_word' id='word_1_242' title='bbox 140 1889 185 1923; x_wconf 90' lang='lat' dir='ltr'>de</span> <span class='ocrx_word' id='word_1_243' title='bbox 211 1889 341 1925; x_wconf 84' lang='lat' dir='ltr'>formae</span> <span class='ocrx_word' id='word_1_244' title='bbox 369 1891 554 1931; x_wconf 83' lang='lat' dir='ltr'>varietate</span> <span class='ocrx_word' id='word_1_245' title='bbox 583 1892 681 1927; x_wconf 81' lang='lat' dir='ltr'>dixit</span> <span class='ocrx_word' id='word_1_246' title='bbox 707 1894 925 1928; x_wconf 85' lang='lat' dir='ltr'>Zanardini.</span> 
     </span>
    </p>
   </div>
   <div class='ocr_carea' id='block_1_6' title="bbox 5 1957 1571 2468">
    <p class='ocr_par' dir='ltr' id='par_1_6' title="bbox 5 1957 1571 2468">
     <span class='ocr_line' id='line_1_30' title="bbox 120 1957 1571 2007; baseline 0.003 -15"><span class='ocrx_word' id='word_1_247' title='bbox 120 1957 387 2003; x_wconf 86' lang='lat' dir='ltr'>Synonymiam</span> <span class='ocrx_word' id='word_1_248' title='bbox 426 1960 524 2004; x_wconf 85' lang='lat' dir='ltr'>quod</span> <span class='ocrx_word' id='word_1_249' title='bbox 551 1961 704 2005; x_wconf 89' lang='lat' dir='ltr'>attinet,</span> <span class='ocrx_word' id='word_1_250' title='bbox 732 1965 878 1996; x_wconf 87' lang='lat' dir='ltr'>certum</span> <span class='ocrx_word' id='word_1_251' title='bbox 904 1963 997 1996; x_wconf 89' lang='lat' dir='ltr'>mihi</span> <span class='ocrx_word' id='word_1_252' title='bbox 1024 1963 1177 1997; x_wconf 87' lang='lat' dir='ltr'>videtur</span> <span class='ocrx_word' id='word_1_253' title='bbox 1203 1963 1483 1998; x_wconf 80' lang='lat' dir='ltr'>Nemastornam</span> <span class='ocrx_word' id='word_1_254' title='bbox 1511 1974 1571 2007; x_wconf 90' lang='lat' dir='ltr'>cy-</span> 
     </span>
     <span class='ocr_line' id='line_1_31' title="bbox 29 2013 1571 2064; baseline 0.005 -17"><span class='ocrx_word' id='word_1_255' title='bbox 29 2013 238 2060; x_wconf 88' lang='lat' dir='ltr'>clocolpam</span> <span class='ocrx_word' id='word_1_256' title='bbox 264 2016 486 2050; x_wconf 82' lang='lat' dir='ltr'>Zanardinii</span> <span class='ocrx_word' id='word_1_257' title='bbox 512 2018 557 2051; x_wconf 85' lang='lat' dir='ltr'>ad</span> <span class='ocrx_word' id='word_1_258' title='bbox 574 2018 618 2052; x_wconf 90' lang='lat' dir='ltr'>N.</span> <span class='ocrx_word' id='word_1_259' title='bbox 634 2018 893 2053; x_wconf 86' lang='lat' dir='ltr'>cervicornem</span> <span class='ocrx_word' id='word_1_260' title='bbox 909 2020 1138 2054; x_wconf 86' lang='lat' dir='ltr'>referendan</span> <span class='ocrx_word' id='word_1_261' title='bbox 1158 2031 1254 2054; x_wconf 86' lang='lat' dir='ltr'>esse.</span> <span class='ocrx_word' id='word_1_262' title='bbox 1281 2020 1429 2064; x_wconf 78' lang='lat' dir='ltr'>Halym.</span> <span class='ocrx_word' id='word_1_263' title='bbox 1450 2021 1571 2064; x_wconf 86' lang='lat' dir='ltr'>cyclo-</span> 
     </span>
     <span class='ocr_line' id='line_1_32' title="bbox 5 2072 1571 2122; baseline 0.003 -17"><span class='ocrx_word' id='word_1_264' title='bbox 5 2072 172 2116; x_wconf 71' lang='lat' dir='ltr'>&#39;colpam</span> <span class='ocrx_word' id='word_1_265' title='bbox 210 2072 320 2107; x_wconf 78' lang='lat' dir='ltr'>Kutz.</span> <span class='ocrx_word' id='word_1_266' title='bbox 355 2084 412 2108; x_wconf 84' lang='lat' dir='ltr'>ex.</span> <span class='ocrx_word' id='word_1_267' title='bbox 440 2073 547 2109; x_wconf 89' lang='lat' dir='ltr'>icone</span> <span class='ocrx_word' id='word_1_268' title='bbox 575 2075 664 2109; x_wconf 88' lang='lat' dir='ltr'>data</span> <span class='ocrx_word' id='word_1_269' title='bbox 690 2076 736 2109; x_wconf 85' lang='lat' dir='ltr'>ad</span> <span class='ocrx_word' id='word_1_270' title='bbox 762 2077 922 2110; x_wconf 88' lang='lat' dir='ltr'>eandem</span> <span class='ocrx_word' id='word_1_271' title='bbox 951 2078 1113 2122; x_wconf 85' lang='lat' dir='ltr'>speciem</span> <span class='ocrx_word' id='word_1_272' title='bbox 1142 2077 1340 2122; x_wconf 85' lang='lat' dir='ltr'>pertinere</span> <span class='ocrx_word' id='word_1_273' title='bbox 1366 2088 1437 2111; x_wconf 87' lang='lat' dir='ltr'>nec</span> <span class='ocrx_word' id='word_1_274' title='bbox 1464 2077 1571 2111; x_wconf 84' lang='lat' dir='ltr'>dubi-</span> 
     </span>
     <span class='ocr_line' id='line_1_33' title="bbox 27 2130 1570 2179; baseline 0.003 -17"><span class='ocrx_word' id='word_1_275' title='bbox 27 2131 160 2163; x_wconf 88' lang='lat' dir='ltr'>tarem.</span> <span class='ocrx_word' id='word_1_276' title='bbox 210 2130 267 2163; x_wconf 82' lang='lat' dir='ltr'>Ex</span> <span class='ocrx_word' id='word_1_277' title='bbox 306 2130 551 2166; x_wconf 86' lang='lat' dir='ltr'>adnotatione</span> <span class='ocrx_word' id='word_1_278' title='bbox 588 2131 627 2166; x_wconf 89' lang='lat' dir='ltr'>in</span> <span class='ocrx_word' id='word_1_279' title='bbox 666 2133 837 2177; x_wconf 87' lang='lat' dir='ltr'>Specicb.</span> <span class='ocrx_word' id='word_1_280' title='bbox 877 2134 987 2169; x_wconf 78' lang='lat' dir='ltr'>Kiitz.</span> <span class='ocrx_word' id='word_1_281' title='bbox 1014 2137 1122 2179; x_wconf 87' lang='lat' dir='ltr'>patet</span> <span class='ocrx_word' id='word_1_282' title='bbox 1160 2147 1267 2168; x_wconf 89' lang='lat' dir='ltr'>suum</span> <span class='ocrx_word' id='word_1_283' title='bbox 1308 2134 1498 2179; x_wconf 86' lang='lat' dir='ltr'>specimen</span> <span class='ocrx_word' id='word_1_284' title='bbox 1526 2136 1570 2169; x_wconf 84' lang='lat' dir='ltr'>ab</span> 
     </span>
     <span class='ocr_line' id='line_1_34' title="bbox 27 2185 1568 2236; baseline 0.003 -16"><span class='ocrx_word' id='word_1_285' title='bbox 27 2185 107 2230; x_wconf 89' lang='lat' dir='ltr'>ipso</span> <span class='ocrx_word' id='word_1_286' title='bbox 144 2187 376 2232; x_wconf 74' lang='lat' dir='ltr'>Montagneo</span> <span class='ocrx_word' id='word_1_287' title='bbox 413 2188 606 2224; x_wconf 86' lang='lat' dir='ltr'>habuisse.</span> <span class='ocrx_word' id='word_1_288' title='bbox 655 2190 928 2236; x_wconf 78' lang='lat' dir='ltr'>Montagneum</span> <span class='ocrx_word' id='word_1_289' title='bbox 965 2192 1107 2236; x_wconf 80' lang='lat' dir='ltr'>itaque,</span> <span class='ocrx_word' id='word_1_290' title='bbox 1145 2191 1208 2236; x_wconf 85' lang='lat' dir='ltr'>qui</span> <span class='ocrx_word' id='word_1_291' title='bbox 1241 2192 1287 2226; x_wconf 91' lang='lat' dir='ltr'>H.</span> <span class='ocrx_word' id='word_1_292' title='bbox 1314 2193 1568 2236; x_wconf 83' lang='lat' dir='ltr'>cyclocolpam</span> 
     </span>
     <span class='ocr_line' id='line_1_35' title="bbox 25 2243 1569 2293; baseline 0.004 -16"><span class='ocrx_word' id='word_1_293' title='bbox 25 2243 148 2287; x_wconf 86' lang='lat' dir='ltr'>prima</span> <span class='ocrx_word' id='word_1_294' title='bbox 183 2244 264 2279; x_wconf 88' lang='lat' dir='ltr'>vice</span> <span class='ocrx_word' id='word_1_295' title='bbox 303 2246 349 2279; x_wconf 87' lang='lat' dir='ltr'>ad</span> <span class='ocrx_word' id='word_1_296' title='bbox 387 2246 579 2291; x_wconf 88' lang='lat' dir='ltr'>specimen</span> <span class='ocrx_word' id='word_1_297' title='bbox 619 2246 800 2282; x_wconf 74' lang='lat' dir='ltr'>Platomae</span> <span class='ocrx_word' id='word_1_298' title='bbox 839 2249 1039 2283; x_wconf 60' lang='lat' dir='ltr'>multifidae</span> <span class='ocrx_word' id='word_1_299' title='bbox 1079 2249 1312 2284; x_wconf 85' lang='lat' dir='ltr'>Schousboei</span> <span class='ocrx_word' id='word_1_300' title='bbox 1349 2249 1569 2293; x_wconf 86' lang='lat' dir='ltr'>descripsit,</span> 
     </span>
     <span class='ocr_line' id='line_1_36' title="bbox 25 2303 1568 2352; baseline 0.003 -17"><span class='ocrx_word' id='word_1_301' title='bbox 25 2303 224 2346; x_wconf 87' lang='lat' dir='ltr'>utramque</span> <span class='ocrx_word' id='word_1_302' title='bbox 251 2303 417 2347; x_wconf 86' lang='lat' dir='ltr'>speciem</span> <span class='ocrx_word' id='word_1_303' title='bbox 443 2305 659 2340; x_wconf 87' lang='lat' dir='ltr'>confudisse</span> <span class='ocrx_word' id='word_1_304' title='bbox 685 2309 803 2351; x_wconf 89' lang='lat' dir='ltr'>patet.</span> <span class='ocrx_word' id='word_1_305' title='bbox 854 2306 1085 2342; x_wconf 82' lang='lat' dir='ltr'>Schousboei</span> <span class='ocrx_word' id='word_1_306' title='bbox 1123 2319 1261 2343; x_wconf 88' lang='lat' dir='ltr'>nomen</span> <span class='ocrx_word' id='word_1_307' title='bbox 1297 2308 1474 2352; x_wconf 90' lang='lat' dir='ltr'>primitus</span> <span class='ocrx_word' id='word_1_308' title='bbox 1506 2308 1568 2341; x_wconf 85' lang='lat' dir='ltr'>da-</span> 
     </span>
     <span class='ocr_line' id='line_1_37' title="bbox 25 2356 1567 2409; baseline 0.004 -17"><span class='ocrx_word' id='word_1_309' title='bbox 25 2361 118 2404; x_wconf 87' lang='lat' dir='ltr'>tum,</span> <span class='ocrx_word' id='word_1_310' title='bbox 145 2356 325 2405; x_wconf 77' lang='lat' dir='ltr'>nullaque</span> <span class='ocrx_word' id='word_1_311' title='bbox 350 2363 570 2398; x_wconf 86' lang='lat' dir='ltr'>confusione</span> <span class='ocrx_word' id='word_1_312' title='bbox 597 2368 787 2409; x_wconf 86' lang='lat' dir='ltr'>vexatum,</span> <span class='ocrx_word' id='word_1_313' title='bbox 814 2365 859 2400; x_wconf 91' lang='lat' dir='ltr'>N.</span> <span class='ocrx_word' id='word_1_314' title='bbox 885 2365 1086 2400; x_wconf 76' lang='lat' dir='ltr'>multifidae</span> <span class='ocrx_word' id='word_1_315' title='bbox 1116 2386 1149 2390; x_wconf 93' lang='lat'>—</span> <span class='ocrx_word' id='word_1_316' title='bbox 1176 2369 1219 2400; x_wconf 90' lang='lat' dir='ltr'>ut</span> <span class='ocrx_word' id='word_1_317' title='bbox 1247 2366 1351 2399; x_wconf 88' lang='lat' dir='ltr'>illam</span> <span class='ocrx_word' id='word_1_318' title='bbox 1375 2365 1567 2409; x_wconf 71' lang='lat' dir='ltr'>intelligo,</span> 
     </span>
     <span class='ocr_line' id='line_1_38' title="bbox 25 2418 1566 2468; baseline 0.004 -18"><span class='ocrx_word' id='word_1_319' title='bbox 25 2418 325 2452; x_wconf 84' lang='lat' dir='ltr'>conservandum</span> <span class='ocrx_word' id='word_1_320' title='bbox 363 2418 495 2461; x_wconf 81' lang='lat' dir='ltr'>fuisse3</span> <span class='ocrx_word' id='word_1_321' title='bbox 533 2432 670 2455; x_wconf 89' lang='lat' dir='ltr'>nomen</span> <span class='ocrx_word' id='word_1_322' title='bbox 708 2424 842 2456; x_wconf 88' lang='lat' dir='ltr'>contra</span> <span class='ocrx_word' id='word_1_323' title='bbox 877 2422 1113 2468; x_wconf 68' lang='lat' dir='ltr'>Montag&#39;nei,</span> <span class='ocrx_word' id='word_1_324' title='bbox 1139 2425 1270 2468; x_wconf 87' lang='lat' dir='ltr'>utpote</span> <span class='ocrx_word' id='word_1_325' title='bbox 1297 2423 1389 2457; x_wconf 86' lang='lat' dir='ltr'>duas</span> <span class='ocrx_word' id='word_1_326' title='bbox 1421 2422 1566 2467; x_wconf 85' lang='lat' dir='ltr'>species</span> 
     </span>
    </p>
   </div>
   <div class='ocr_carea' id='block_1_7' title="bbox 25 2570 1567 2848">
    <p class='ocr_par' dir='ltr' id='par_1_7' title="bbox 25 2570 1567 2848">
     <span class='ocr_line' id='line_1_39' title="bbox 25 2570 1567 2619; baseline 0.003 -15"><span class='ocrx_word' id='word_1_327' title='bbox 25 2570 80 2604; x_wconf 85' lang='lat' dir='ltr'>9a.</span> <span class='ocrx_word' id='word_1_328' title='bbox 106 2571 266 2606; x_wconf 76' lang='lat' dir='ltr'>NEMAs&#39;r.</span> <span class='ocrx_word' id='word_1_329' title='bbox 294 2582 402 2605; x_wconf 71' lang='grc'><strong>11111011</strong></span> <span class='ocrx_word' id='word_1_330' title='bbox 427 2572 591 2608; x_wconf 65' lang='lat' dir='ltr'>Zama-d.</span> <span class='ocrx_word' id='word_1_331' title='bbox 619 2573 718 2608; x_wconf 74' lang='lat' dir='ltr'>Icon.</span> <span class='ocrx_word' id='word_1_332' title='bbox 745 2574 896 2609; x_wconf 71' lang='lat' dir='ltr'>Adriat.</span> <span class='ocrx_word' id='word_1_333' title='bbox 924 2575 994 2609; x_wconf 73' lang='lat' dir='ltr'>tab.</span> <span class='ocrx_word' id='word_1_334' title='bbox 1024 2575 1235 2609; x_wconf 88' lang='lat' dir='ltr'><strong><em>LXXVII.</em></strong></span> <span class='ocrx_word' id='word_1_335' title='bbox 1257 2575 1389 2610; x_wconf 85' lang='lat' dir='ltr'>fronde</span> <span class='ocrx_word' id='word_1_336' title='bbox 1409 2575 1567 2619; x_wconf 87' lang='lat' dir='ltr'>parvula</span> 
     </span>
     <span class='ocr_line' id='line_1_40' title="bbox 113 2627 1565 2676; baseline 0.003 -14"><span class='ocrx_word' id='word_1_337' title='bbox 113 2627 635 2674; x_wconf 80' lang='lat' dir='ltr'>gelatinoso-membranacea</span> <span class='ocrx_word' id='word_1_338' title='bbox 661 2642 878 2676; x_wconf 88' lang='lat' dir='ltr'>compressa</span> <span class='ocrx_word' id='word_1_339' title='bbox 902 2632 1171 2675; x_wconf 81' lang='lat' dir='ltr'>flabelliformi,</span> <span class='ocrx_word' id='word_1_340' title='bbox 1198 2632 1345 2666; x_wconf 87' lang='lat' dir='ltr'>inferne</span> <span class='ocrx_word' id='word_1_341' title='bbox 1364 2631 1565 2676; x_wconf 87' lang='lat' dir='ltr'>multifida,</span> 
     </span>
     <span class='ocr_line' id='line_1_41' title="bbox 114 2687 1563 2736; baseline 0.003 -16"><span class='ocrx_word' id='word_1_342' title='bbox 114 2687 322 2731; x_wconf 80' lang='lat' dir='ltr'>segmentis</span> <span class='ocrx_word' id='word_1_343' title='bbox 362 2687 587 2722; x_wconf 87' lang='lat' dir='ltr'>dichotomis</span> <span class='ocrx_word' id='word_1_344' title='bbox 626 2690 849 2734; x_wconf 88' lang='lat' dir='ltr'>patentibus</span> <span class='ocrx_word' id='word_1_345' title='bbox 888 2694 1050 2736; x_wconf 79' lang='lat' dir='ltr'>anguste</span> <span class='ocrx_word' id='word_1_346' title='bbox 1076 2691 1284 2726; x_wconf 85' lang='lat' dir='ltr'>linearibus</span> <span class='ocrx_word' id='word_1_347' title='bbox 1310 2690 1482 2735; x_wconf 84' lang='lat' dir='ltr'>margine</span> <span class='ocrx_word' id='word_1_348' title='bbox 1507 2692 1563 2725; x_wconf 89' lang='lat' dir='ltr'>in—</span> 
     </span>
     <span class='ocr_line' id='line_1_42' title="bbox 114 2743 1563 2793; baseline 0.005 -17"><span class='ocrx_word' id='word_1_349' title='bbox 114 2743 348 2789; x_wconf 83' lang='lat' dir='ltr'>tegerrimis,</span> <span class='ocrx_word' id='word_1_350' title='bbox 374 2743 638 2780; x_wconf 85' lang='lat' dir='ltr'>terminalibus</span> <span class='ocrx_word' id='word_1_351' title='bbox 670 2747 880 2782; x_wconf 86' lang='lat' dir='ltr'>attenuatis</span> <span class='ocrx_word' id='word_1_352' title='bbox 914 2747 1160 2782; x_wconf 86' lang='lat' dir='ltr'>acutiusculis</span> <span class='ocrx_word' id='word_1_353' title='bbox 1188 2760 1288 2793; x_wconf 79' lang='lat' dir='ltr'>saepe</span> <span class='ocrx_word' id='word_1_354' title='bbox 1314 2747 1454 2783; x_wconf 86' lang='lat' dir='ltr'>bifidis.</span> <span class='ocrx_word' id='word_1_355' title='bbox 1503 2750 1563 2784; x_wconf 86' lang='lat' dir='ltr'>Ad.</span> 
     </span>
     <span class='ocr_line' id='line_1_43' title="bbox 113 2800 1058 2848; baseline 0.005 -15"><span class='ocrx_word' id='word_1_356' title='bbox 113 2800 321 2835; x_wconf 82' lang='lat' dir='ltr'>sectionem</span> <span class='ocrx_word' id='word_1_357' title='bbox 347 2800 528 2835; x_wconf 79' lang='lat' dir='ltr'>Platomae</span> <span class='ocrx_word' id='word_1_358' title='bbox 555 2813 628 2836; x_wconf 89' lang='lat' dir='ltr'>sec.</span> <span class='ocrx_word' id='word_1_359' title='bbox 656 2803 818 2838; x_wconf 86' lang='lat' dir='ltr'>Zanard.</span> <span class='ocrx_word' id='word_1_360' title='bbox 845 2805 1058 2848; x_wconf 86' lang='lat' dir='ltr'>pertinens.</span> 
     </span>
    </p>
   </div>
   <div class='ocr_carea' id='block_1_8' title="bbox 284 2857 1424 2954">
    <p class='ocr_par' dir='ltr' id='par_1_8' title="bbox 284 2857 1424 2954">
     <span class='ocr_line' id='line_1_44' title="bbox 284 2857 551 2893; baseline 0.011 -3"><span class='ocrx_word' id='word_1_361' title='bbox 284 2857 328 2890; x_wconf 90' lang='lat' dir='ltr'>In</span> <span class='ocrx_word' id='word_1_362' title='bbox 355 2857 551 2893; x_wconf 80' lang='lat' dir='ltr'>adriatico.</span> 
     </span>
     <span class='ocr_line' id='line_1_45' title="bbox 1403 2921 1424 2954; baseline 0 0"><span class='ocrx_word' id='word_1_363' title='bbox 1403 2921 1424 2954; x_wconf 77' lang='lat'><strong>9</strong></span> 
     </span>
    </p>
   </div>
  </div>
 </body>
</html>
