1757 3114
103 132 184 173 604

292 926 536 994 SERffls
591 928 680 994 Vl.
775 926 1433 996 GORYNOSPERMEAE.

444 1040 488 1083 J.
523 1041 603 1094 Ay.
638 1041 709 1094 Sp.
742 1040 838 1093 Alf).
883 1040 968 1081 Vol.
1003 1040 1069 1082 H.
1106 1042 1140 1080 1.
1164 1055 1211 1093 p.
1247 1040 1302 1082 X.

211 1154 478 1209 Cystocarpii
514 1155 596 1197 filis
635 1154 957 1209 gemmidiiferis
996 1155 1227 1208 saepissime
1259 1169 1284 1196 a
1315 1155 1514 1208 placenta
1554 1157 1629 1198 ba-

100 1223 179 1264 sali
212 1224 494 1265 fasciculatim
526 1225 809 1271 radiantibus,
842 1225 1019 1265 invicem
1050 1224 1209 1275 liberis,
1242 1224 1461 1266 rarissime
1484 1226 1627 1278 singu-

97 1291 161 1343 lis,
194 1292 236 1332 in
279 1292 460 1334 articulo
506 1293 721 1334 terminali
767 1292 1138 1334 clavato-obovato
1184 1292 1415 1347 gemmidia
1460 1294 1629 1347 singula

97 1360 348 1414 pyriformia
379 1360 680 1403 evolventibus.
741 1361 890 1402 Nuclei
936 1365 1011 1402 aut
1056 1361 1158 1402 nudi
1203 1361 1444 1403 ramellisve
1489 1363 1626 1411 cincti,

97 1429 329 1481 saepissime
361 1430 476 1470 intra
521 1431 807 1483 pericarpium
853 1434 1076 1472 externum
1119 1430 1447 1486 (kermnidiuni)
1478 1445 1627 1485 carpo-

96 1499 247 1539 stomio
279 1499 495 1540 terminali
526 1504 749 1553 pertusum
784 1501 954 1553 recepti,
988 1514 1099 1540 nunc
1132 1500 1197 1554 (in
1230 1500 1450 1541 ordinibus
1482 1500 1627 1542 forsan

97 1565 236 1607 dubiae
269 1567 509 1623 affinitatis)
541 1568 656 1609 intra
695 1568 938 1622 spongiolas
978 1582 1108 1621 supra
1139 1568 1334 1609 frondem
1367 1568 1522 1609 effusas
1555 1584 1626 1609 ne-

96 1635 428 1677 mathecioideas
475 1636 730 1685 nidulantes,
778 1640 853 1677 aut
890 1637 1005 1677 intra
1037 1636 1324 1689 pericarpium
1370 1636 1625 1690 sphaericum

95 1702 287 1744 clausum
319 1703 483 1744 inclusi.

208 1771 256 1811 In
289 1772 510 1813 ordinibus
552 1773 702 1826 typicis
743 1772 879 1813 Seriei
917 1776 1134 1813 structura
1172 1773 1310 1814 nuclei
1343 1773 1496 1814 eximie
1527 1788 1625 1815 con-

97 1852 272 1891 gruens3
305 1844 472 1881 constat
503 1840 716 1882 fasciculis
749 1840 927 1894 singulis
950 1844 1024 1881 aut
1047 1840 1274 1882 subdivisis
1298 1840 1467 1881 filorum
1489 1856 1626 1895 praeg—

98 1907 305 1955 nantium,
337 1923 519 1961 quorum
551 1909 593 1949 in
624 1909 818 1949 articulis
856 1910 1065 1962 supremis
1098 1909 1479 1951 clavato-dilatatis
1511 1924 1625 1963 geni-

96 1975 227 2016 midia
272 1976 440 2030 singula
485 1977 719 2019 conformia
764 1984 1037 2031 generantur.
1097 1978 1288 2019 Filorum
1335 1993 1434 2031 pars
1467 1979 1624 2021 sterilis

96 2048 160 2084 est
191 2044 454 2096 abbreviata,
487 2051 562 2088 aut
593 2047 824 2088 admodum
856 2046 1069 2100 elongata,
1091 2052 1132 2088 et
1153 2047 1248 2100 plus
1271 2048 1410 2088 minus
1442 2062 1624 2090 ramosa.

96 2112 305 2153 Fasciculi
360 2114 402 2154 in
454 2114 580 2167 longe
632 2114 827 2167 plurimis
880 2115 994 2155 intra
1047 2115 1333 2168 pericarpium
1390 2116 1623 2169 proprium,

95 2180 474 2222 transformatione
507 2181 662 2222 ramuli
693 2195 804 2234 saepe
836 2186 990 2231 ortum,
1025 2183 1438 2224 ovato-urceolatum
1468 2188 1509 2225 et
1531 2198 1623 2225 car-

94 2249 304 2302 postomio
353 2249 543 2303 regulari
587 2250 803 2291 terminali
848 2255 1081 2303 pertusum,
1130 2251 1417 2292 keramidiuin
1449 2252 1622 2303 dictum,

95 2317 380 2370 recipiuntur3
413 2318 455 2357 in
488 2317 768 2371 Wrangelieis
802 2318 939 2359 nuclei
972 2318 1073 2359 nudi
1106 2323 1181 2359 aut
1212 2323 1379 2359 tantum
1411 2334 1533 2361 coma
1554 2335 1622 2362 ra-

96 2385 319 2426 inellorum
352 2385 523 2436 muniti3
563 2386 665 2440 quin
696 2386 823 2427 immo
863 2386 904 2427 in
944 2386 1099 2427 infimis
1136 2387 1210 2428 fila
1241 2388 1551 2440 gemmidiifera
1581 2389 1622 2430 in

95 2454 292 2494 nucleum
338 2454 454 2495 haud
500 2455 827 2509 conjunguntur,
876 2455 949 2496 sed
995 2455 1164 2509 singula
1209 2470 1359 2509 sparsa
1404 2457 1519 2498 nuda
1549 2462 1623 2499 aut

95 2522 285 2563 ramellis
319 2524 700 2565 subtransmutatis
732 2523 869 2565 cincta
890 2524 1155 2577 proveniunt.
1199 2525 1247 2565 In
1269 2524 1621 2578 Spongiocarpeis

96 2595 138 2631 et
176 2592 486 2633 Lomentarieis
531 2596 622 2633 tuln
669 2593 945 2646 dispositione
992 2593 1249 2640 nucleorum,
1296 2598 1386 2634 tuni
1432 2594 1620 2647 ipsorum

96 2662 315 2700 structura
347 2660 599 2702 differentiae
633 2661 801 2712 adsunt,
828 2661 982 2715 quibus
1005 2661 1183 2702 dubium
1214 2661 1423 2714 adpareat
1453 2676 1508 2703 an
1540 2661 1618 2704 Co-

95 2728 407 2780 rynospermeis
441 2729 547 2770 bene
586 2729 938 2770 adnumerantur.
999 2728 1084 2770 Nec
1118 2744 1213 2771 vero
1246 2729 1395 2770 melius
1428 2729 1481 2771 ad
1513 2730 1619 2771 alias

95 2795 224 2835 series
255 2795 325 2835 isti
363 2796 531 2838 ordines
568 2797 823 2838 referantur.
883 2797 1100 2851 Polyidem
1133 2798 1187 2838 ad
1219 2797 1412 2838 viciniam
1447 2798 1617 2839 Furcel-

96 2862 215 2903 lariae
248 2876 460 2915 revocare,
507 2869 727 2908 structura
770 2865 1142 2920 cystocarpiorum,
1183 2867 1295 2907 omni
1327 2870 1522 2919 respectu
1553 2867 1617 2908 di-
