1757 3114
176 115 258 155 354
748 114 1131 154 RHODYMENIACEAE.
1516 114 1711 159 Desmm.

173 227 329 277 LXXX.
368 229 560 278 DESMIA
596 238 641 280 J.
673 238 755 290 Ay.
790 237 862 289 Sp.
894 249 941 288 p.
988 235 1081 277 639.
1127 235 1257 279 Bidr.
1305 238 1375 280 Fl.
1425 238 1535 292 ἕνεί.
1573 254 1622 293 p.
1669 242 1708 281 4.

289 305 475 349 Desmm
508 306 669 360 Lyuyb.
702 309 801 347 mut.
833 304 947 345 clear.
978 307 1017 345 et
1046 303 1168 346 zimit.
1299 304 1301 307 ’

173 415 309 456 Frons
326 428 750 468 compresso-anceps
766 414 979 467 pinnatim
996 412 1299 466 decomposita,
1318 429 1430 457 nunc
1447 416 1708 467 subcostata‚

285 484 576 536 maximopere
608 483 848 536 gelatinosa
879 485 922 522 et
952 481 1321 534 subcartilaginea
1359 483 1583 537 (facillime
1621 484 1707 526 dis-

285 551 447 606 soluta)
477 551 619 593 tribus
650 550 738 592 fere
770 549 919 591 stratis
956 550 1208 590 constituta:
1253 550 1430 604 siphone
1476 552 1707 593 articulato

285 633 409 662 axem
441 623 697 674 occupante3
745 622 882 660 strato
928 618 1184 659 intermedio
1226 620 1391 661 cellulis
1430 621 1706 675 oblongo-ro—

283 688 499 740 tundatis;
532 687 725 729 corticali
768 686 935 728 cellulis
972 687 1148 728 minutis
1179 688 1222 727 in
1253 688 1327 729 fila
1357 689 1610 731 abbreviata
1640 704 1704 731 se-

282 757 404 798 riatis
435 761 669 799 constante.
731 755 1012 810 Cystocarpia
1057 755 1100 796 in
1145 757 1334 798 verrucis
1380 757 1648 800 difformibus
1679 772 1705 799 a

281 825 435 867 fronde
481 826 808 880 erumpentibus
854 826 1038 874 evoluta,
1085 825 1258 867 demum
1290 827 1413 881 quasi
1443 828 1560 869 intra
1589 828 1703 881 peri-

281 895 491 948 carpium,
524 895 719 936 articulis
751 894 914 936 ultimis
944 893 1117 935 filorum
1148 894 1499 936 moniliformium
1529 896 1703 937 radian-

281 964 391 1005 tium
422 963 666 1014 confiat-um.
700 963 916 1004 nucleolos
946 962 1106 1016 plures,
1139 962 1346 1004 columnis
1377 962 1549 1005 filorum
1579 964 1703 1005 steri-

279 1032 384 1073 lium
416 1032 471 1073 ad
503 1036 663 1074 tectum
694 1031 1011 1085 pericarpicum
1032 1031 1359 1072 excurrentibus
1381 1035 1616 1085 separatos,
1639 1032 1702 1073 fo-

278 1100 441 1151 ventia3
473 1099 659 1141 nucleoli
699 1112 831 1152 supra
868 1097 1127 1151 pedicellum
1165 1097 1459 1151 placentarem
1498 1099 1701 1141 articula-

278 1171 370 1209 tum
401 1167 833 1222 oblongo—rotundati
864 1166 1096 1220 gemmidia
1126 1165 1316 1220 plurima
1340 1168 1586 1212 rotundata,
1610 1169 1700 1209 sine

278 1236 429 1278 ordine
460 1236 688 1289 conspicuo
732 1235 1006 1289 conglobata,
1038 1235 1163 1288 quasi
1195 1249 1319 1277 muco
1351 1235 1541 1278 cohibita
1572 1250 1699 1290 gene—

276 1308 435 1346 rantes.
498 1303 816 1357 Spleaerosporae
848 1338 855 1344 .
890 1338 897 1344 .
932 1336 940 1343 .

274 1407 568 1463 Cystocarpia.
602 1407 774 1449 aitertis
805 1407 1179 1449 observationibus
1201 1421 1226 1448 a
1247 1421 1314 1449 me
1345 1409 1603 1461 examinata,
1626 1409 1698 1450 de-

158 1492 274 1519 mum
307 1478 434 1519 hodie
468 1477 714 1530 intelligere
746 1480 872 1529 puto;
904 1475 1018 1517 unde
1049 1476 1180 1517 etiam
1212 1475 1263 1516 de
1285 1475 1493 1518 affinitate
1516 1477 1697 1519 Generis

158 1547 317 1588 certius
349 1546 454 1600 quid
490 1549 682 1587 statuere
711 1545 823 1586 licet.
865 1544 1057 1586 Frondes
1079 1545 1206 1586 certis
1228 1544 1331 1587 locis
1353 1546 1697 1598 intumescentes,

157 1614 200 1655 in
231 1614 421 1655 verrucis
454 1613 726 1655 difformibus
757 1613 1028 1667 cystocarpia
1057 1612 1213 1654 fovent.
1255 1613 1467 1655 Verrucas
1490 1614 1697 1656 dissectas

158 1681 241 1724 filis
271 1682 634 1723 moniliformibus
665 1682 935 1731 constitutas,
968 1686 1010 1723 et
1041 1682 1083 1722 in
1116 1681 1195 1723 hoc
1226 1681 1442 1735 adparatu
1472 1683 1694 1724 nemathe-

157 1750 271 1790 cioso
318 1749 491 1791 nucleos
537 1749 682 1802 plures
728 1749 977 1790 nidulantes
1009 1749 1107 1790 vidi.
1167 1749 1347 1791 Demum
1380 1749 1490 1791 hanc
1529 1755 1698 1804 partem

161 1817 612 1860 inflato-verrucosam
642 1817 731 1858 fere
763 1818 807 1858 in
837 1818 1127 1870 pericarpium
1157 1822 1368 1859 mutatam
1399 1818 1564 1860 diceres
1586 1819 1697 1873 ejus-

162 1887 259 1928 dem
290 1887 380 1929 fere
412 1891 654 1936 structurae,
688 1900 818 1941 quam
850 1888 894 1928 in
914 1887 1002 1929 tab.
1029 1888 1105 1927 199
1129 1887 1299 1941 Phycol.
1322 1888 1537 1929 Australis
1559 1888 1695 1930 Rhod.

162 1955 432 2009 Hypneoides
463 1955 603 2008 pinxit
632 1955 815 2009 Harvey.
878 1955 1172 2008 Pericarpium
1210 1956 1413 1997 nimirum
1445 1956 1524 1998 hoc
1555 1957 1695 1999 stadio

157 2023 372 2065 adultiore
403 2027 495 2065 tum
526 2023 729 2077 pellicula
760 2024 972 2065 exteriore
1010 2023 1128 2065 tenui
1167 2023 1341 2078 hyalina
1379 2024 1501 2078 quasi
1532 2025 1693 2067 cohibi-

156 2095 242 2142 tur,
275 2095 368 2133 tum
405 2091 522 2132 intra
566 2090 811 2145 pelliculam
857 2095 994 2132 strato
1040 2090 1296 2133 cellularum
1341 2091 1690 2134 moniliformium

155 2160 342 2202 tenuiori
364 2164 553 2210 constat3
585 2159 666 2201 hoc
688 2163 847 2200 tectum
869 2160 1099 2213 pericarpii
1122 2159 1383 2201 distenditur
1403 2159 1499 2211 filis,
1522 2174 1549 2202 a
1569 2164 1691 2214 parte

155 2229 294 2271 basali
324 2242 513 2270 verrucae
544 2228 813 2279 exeuntibus,
846 2227 1012 2270 inferne
1051 2227 1411 2281 simpliciusculis,
1449 2229 1569 2282 apice
1600 2243 1690 2270 1110-

154 2296 443 2339 niliformibus
474 2295 1003 2338 dichotomo-fasciculatis
1035 2295 1366 2350 fastigiatisque,
1405 2296 1570 2340 cellulis
1601 2302 1688 2338 ter-

153 2365 385 2408 minalibus
416 2366 460 2406 in
491 2365 745 2406 membrana
775 2364 986 2406 exteriore
1017 2365 1247 2418 pericarpii
1269 2365 1576 2407 desinentibus.
1618 2365 1687 2407 In-

152 2438 219 2476 ter
249 2433 323 2475 fila
353 2434 444 2475 haec
475 2433 659 2480 radiata.
692 2446 718 2473 3
748 2432 843 2474 basi
864 2431 920 2473 ad
950 2436 1109 2474 tectum
1140 2432 1370 2486 pericarpii
1401 2434 1686 2484 excurrentia,

151 2502 439 2556 disponuntur
471 2500 668 2551 nucleoh,
700 2501 816 2542 intra
838 2500 1125 2554 pericarpium
1146 2501 1333 2554 plurimi.
1357 2501 1543 2555 oblongi,
1565 2502 1686 2543 radi-

150 2570 257 2612 atim
303 2569 512 2622 dispositi,
545 2582 571 2610 a
601 2568 765 2610 cellulis
796 2568 1031 2622 majoribus
1063 2568 1284 2611 basalibus
1331 2569 1610 2623 egredientes,
1642 2571 1685 2611 in

151 2638 372 2692 superiore
403 2641 528 2692 parte
559 2637 791 2692 gcmmidia
821 2637 1020 2690 plurima,
1051 2640 1168 2679 intra
1213 2637 1449 2692 gelatinam
1478 2638 1682 2688 cohibita,

150 2705 354 2748 foventes.
415 2705 660 2748 Geminidia
704 2704 998 2747 nucleolorum
1043 2719 1068 2746 a
1113 2705 1276 2748 cellulis
1321 2706 1596 2760 paucioribus
1641 2710 1683 2747 et

150 2773 390 2827 majoribus
422 2774 579 2815 sensim
611 2773 839 2816 subdivisis
870 2771 1049 2814 formari
1072 2773 1288 2824 videntum
1321 2786 1376 2815 an
1396 2773 1538 2826 prima
1558 2774 1682 2815 initia

147 2844 189 2882 in
211 2843 359 2884 vesicis
376 2841 577 2885 coloratis
594 2842 830 2884 nitentibus
852 2842 896 2883 in
916 2841 1068 2884 fronde
1091 2842 1287 2896 plurimis
1309 2855 1503 2896 quaerere
1524 2842 1680 2884 liceat?
