1757 3114
135 150 215 189 558
760 154 1030 196 HYPNEACEAE.
1373 160 1654 203 Endoclad‘ia.

244 264 384 305 mibus
406 268 447 305 et
469 268 651 306 stratum
682 267 996 319 periphericum
1025 268 1187 310 frondis
1210 270 1507 319 formantibus,
1531 286 1652 314 muco

244 333 523 374 solidescente
555 336 801 389 conjunctis,
835 337 1078 378 constituta.
1121 336 1396 392 Cystoccm'pia
1427 341 1470 381 in
1501 340 1652 382 fronde

240 401 546 442 intumescente
577 401 772 453 formata,
804 404 919 445 intra
950 405 1236 458 pericarpium
1258 405 1339 447 filis
1371 408 1649 450 verticalibus

241 469 520 510 constitutum
542 470 734 512 clausum
757 472 971 513 nucleolos
994 473 1214 526 plurimos,
1246 475 1358 516 inter
1388 476 1461 517 fila
1492 477 1649 517 reticu-

239 536 360 577 latim
406 538 641 579 ambientia
683 554 923 593 suspensos,
957 542 1195 594 gemmicliis
1228 543 1649 598 oblongo-angulatis

239 606 387 658 paucis
419 605 591 658 farctos,
623 607 820 649 foventia.
866 609 1178 662 Sphoerosporce
1208 611 1250 651 in
1281 613 1556 654 nematheciis
1578 626 1649 654 ex-

239 674 373 715 ternis
405 708 412 714 .

237 777 286 818 In
319 777 592 820 Endooladiae
624 781 762 833 specie
794 781 996 834 (Accmth.
1027 781 1249 824 hawmlosa
1288 783 1447 840 Rupr.)
1479 785 1647 826 demum

125 848 391 900 cystocarpia
435 848 542 890 bene
588 850 757 891 evoluta
802 851 1030 892 observare
1075 851 1179 892 mihi
1220 853 1409 906 contigit,
1443 867 1537 907 quae
1569 853 1648 895 hoc

125 915 268 957 Genus
300 916 354 956 ad
386 917 582 958 viciniam
616 918 801 972 Hypneae
834 919 922 959 sine
954 919 1083 960 (lubio
1113 924 1325 961 revocant.
1373 920 1648 975 Cystocarpia

122 983 248 1038 hujus
279 984 322 1025 in
353 985 532 1026 ramulis
581 987 872 1039 superioribus
920 986 1034 1028 infra
1071 989 1234 1041 apicem
1264 988 1422 1030 infiatis
1454 993 1495 1030 et
1526 991 1644 1043 apice

122 1052 268 1103 sterili,
315 1066 483 1095 ramoso
529 1058 604 1095 aut
648 1055 841 1108 simplici,
875 1058 919 1096 at
951 1056 1169 1108 spinuloso
1200 1082 1250 1087 ——
1282 1057 1370 1098 fere
1415 1058 1645 1100 vesiculam

120 1125 368 1162 coronatam
386 1121 638 1176 Cystoseirae
658 1124 825 1177 myricae
844 1128 1069 1165 revocante
1092 1149 1139 1155 -Ἀ
1163 1126 1388 1176 coronatis,
1412 1126 1644 1168 obveniunt

119 1203 240 1230 ramo
272 1190 406 1231 sterili
437 1190 526 1232 fere
558 1191 687 1245 duplo
719 1192 942 1233 crassiora.
1002 1192 1103 1234 Axis
1142 1192 1305 1234 frondis
1345 1194 1544 1236 centralis
1576 1209 1643 1250 cy-

118 1259 381 1312 stocarpium
414 1261 641 1313 percurrit,
673 1261 787 1302 velut
817 1260 891 1301 fila
922 1261 1262 1314 longitudinalia,
1295 1262 1348 1304 ab
1381 1263 1449 1304 axi
1479 1263 1642 1306 inferne

118 1331 320 1380 separata
350 1331 392 1369 et
422 1329 466 1369 in
497 1342 643 1369 arcum
674 1329 730 1369 ad
767 1329 946 1370 eundem
987 1343 1169 1382 superne
1207 1331 1477 1382 revertentia,
1509 1333 1642 1373 inter-

111 1396 224 1449 jecto
257 1397 394 1450 spatio
426 1401 518 1438 tum
549 1397 751 1455 interiore
783 1398 915 1452 (inter
946 1412 1067 1439 axem
1100 1402 1141 1439 et
1171 1398 1244 1439 fila
1274 1399 1638 1456 longitudfflalia),

115 1468 208 1505 tum
253 1462 462 1507 exteriore
508 1466 641 1520 (inter
686 1466 759 1507 fila
789 1471 830 1507 et
869 1470 1053 1507 stratum
1099 1470 1354 1524 externum),
1401 1469 1514 1522 quod
1558 1469 1640 1511 filis

114 1533 476 1575 transversalibus
508 1534 749 1575 articulatis
781 1539 823 1575 et
854 1534 1127 1588 geniculatim
1165 1534 1285 1576 flexis
1317 1540 1639 1578 anastomosan-

114 1602 314 1656 tibusque
346 1607 592 1656 occupatur.
654 1603 751 1644 Haec
781 1602 855 1644 fila
885 1604 1144 1657 ubicumque
1176 1604 1497 1657 genimidiifera,
1524 1619 1638 1658 gem-

114 1672 255 1713 micliis
288 1686 438 1725 nempe
470 1672 593 1725 quasi
624 1686 649 1712 a
679 1671 858 1713 ramulis
895 1673 1069 1713 minutis
1108 1671 1276 1713 filorum
1309 1672 1638 1715 transformatis.

116 1739 210 1781 Fila
240 1741 385 1794 itaque
417 1741 579 1781 vicibus
611 1740 817 1793 placentae
840 1739 1091 1793 multiplicis
1113 1740 1390 1781 circumcirca
1411 1742 1637 1783 ambientis

114 1808 370 1862 fungunturss,
410 1807 640 1861 gemmidia
676 1822 1016 1862 quoquoversum
1054 1807 1165 1849 flexa
1195 1835 1248 1838 ——
1278 1807 1366 1850 fere
1397 1808 1560 1851 diceres
1592 1815 1638 1851 ut

113 1877 291 1918 brachia
320 1878 364 1918 in
395 1876 657 1930 telegraphis
689 1877 903 1930 quondam
935 1877 1104 1918 usitatis
1136 1877 1362 1930 opticis‘-
1385 1878 1524 1930 spatia
1553 1877 1635 1919 filis

111 1945 335 1999 interjecta
365 1949 585 1998 occupant.
647 1945 888 1987 Geinniidia
920 1949 1018 1985 sunt
1049 1945 1216 1986 clavata
1246 1950 1321 1987 aut
1343 1946 1537 1994 obovata„
1560 1951 1635 1987 aut

112 2018 261 2055 mutua
291 2014 508 2067 pressione
540 2015 727 2055 omnium
758 2014 853 2067 plus
898 2014 1037 2054 minus
1083 2013 1299 2066 angulata,
1331 2013 1450 2054 nulla
1481 2013 1636 2055 cellula

111 2082 325 2125 ambiente
357 2087 433 2123 aut
463 2082 652 2136 gelatina
682 2082 859 2123 invicem
897 2081 1095 2123 cohibita.
1156 2081 1257 2130 Quae
1295 2085 1386 2122 tota
1417 2086 1635 2123 structura

110 2154 318 2204 quantum
349 2138 444 2191 cum
477 2164 526 2191 ea
557 2150 911 2204 Hypneacearum
941 2150 1149 2203 congruit,
1182 2153 1311 2202 patet.
1372 2149 1469 2190 Alia
1500 2151 1632 2203 speci-

109 2221 224 2262 mina
254 2220 529 2261 nematheciis
559 2220 771 2260 instructa
801 2218 897 2265 vidi,
938 2222 982 2258 at
1019 2218 1061 2258 in
1092 2217 1158 2258 his
1190 2217 1331 2259 nullas
1363 2218 1629 2272 sphaerospo-

108 2304 178 2331 ras
209 2290 407 2343 detegere
438 2288 563 2329 valui.
595 2288 639 2330 J.
672 2286 751 2341 Ay.
789 2287 916 2328 Bz'clr.
953 2284 1115 2328 Florid.
1152 2286 1261 2340 Syst.
1284 2300 1331 2339 p.
1363 2287 1427 2327 32.

109 2410 143 2448 1.
176 2406 280 2448 END.
312 2419 518 2447 MURICATA
549 2404 691 2457 (Post.
722 2407 759 2445 et
792 2403 927 2455 Bupr.
962 2402 1034 2443 IN.
1056 2416 1102 2454 p.
1138 2402 1209 2456 16)
1239 2401 1390 2443 fronde
1419 2402 1463 2442 in
1484 2402 1630 2456 caespi-

218 2480 281 2516 tes
313 2473 569 2528 pulvinatim
614 2486 822 2526 expansos
854 2469 999 2518 effusa,
1032 2484 1146 2510 nana
1183 2483 1288 2523 vage
1326 2470 1628 2523 ramosissima,

217 2543 349 2584 ramis
380 2555 563 2596 superne
594 2538 904 2594 adproximatis
949 2538 1194 2579 divaricatis
1239 2537 1450 2579 subulatis
1482 2541 1522 2579 et
1552 2539 1628 2579 mi-

217 2616 318 2653 nute
364 2609 604 2664 spinulosis‚
637 2608 816 2663 spinulis
854 2606 1118 2660 simplicibus
1163 2605 1299 2646 acutis
1343 2605 1627 2659 homogeneis,

215 2681 415 2723 deorsum
445 2680 574 2720 nullis
606 2682 681 2720 aut
701 2678 745 2719 in
766 2675 954 2718 ramulos
976 2674 1164 2725 mutatis,
1186 2675 1460 2728 cystocarpiis
1482 2689 1626 2716 verru-

215 2765 285 2792 cas
316 2749 517 2792 laterales
548 2748 591 2789 in
621 2746 789 2789 ramulo
828 2744 1128 2787 formantibus.
1168 2742 1213 2785 J.
1246 2741 1326 2796 Ay.
1361 2742 1431 2796 Sp.
1453 2757 1502 2796 p.
1534 2744 1625 2785 237.

217 2805 448 2874 &mmm
478 2819 687 2859 maricam
723 2815 837 2857 Post.
870 2817 907 2855 et
939 2813 990 2854 R.
1023 2812 1048 2853 l.
1080 2827 1110 2853 c.

363 2887 512 2930 Insula
544 2886 689 2928 Sitcha
721 2890 762 2927 et
792 2884 1052 2926 Vancouver.
