1762 3036
1639 77 1665 103 V

123 182 214 224 loco
245 194 385 223 meam
431 180 789 236 qualemcumque
834 176 887 218 de
919 177 1162 231 systematis
1201 175 1412 218 naturalis
1444 178 1665 218 construc-

122 252 237 293 tione
269 251 513 304 opinionem
545 250 681 292 fusius
713 247 982 303 protulerim,
1015 250 1058 287 et
1088 246 1131 287 in
1164 246 1442 300 dispositione
1472 245 1665 287 Floride-

122 334 245 360 arum
292 333 318 360 a
362 333 429 360 me
475 318 709 372 proposita,
758 315 1021 368 ubicumque
1067 315 1293 368 potuerim,
1343 314 1666 356 diversitatibus

122 386 523 440 sphaerosporarum
555 386 598 427 in
630 384 854 427 ordinibus
886 382 1212 424 subdividendis
1245 381 1401 435 saepius
1433 396 1536 423 usus
1559 396 1665 423 sum.

122 454 244 505 Quod
275 454 523 496 antheridia
554 454 720 502 attinet,
753 465 910 492 vanum
942 450 1046 491 mihi
1078 450 1247 492 videtur
1278 450 1501 504 disputare
1524 450 1576 491 de
1598 464 1664 492 or-

120 523 256 577 ganis,
290 523 343 564 de
374 523 530 577 quibus
562 521 669 563 nihil
699 520 789 561 fere
821 520 990 561 scimus.
1053 518 1149 572 Ipse
1189 518 1354 560 Thuret
1384 523 1536 560 contra
1567 533 1666 572 pro-

120 591 262 644 priam
294 605 417 633 suam
450 589 731 633 assertionem
760 588 828 629 his
860 587 1034 642 organis
1066 587 1128 628 ita
1159 600 1261 628 usus
1294 590 1370 638 est,
1393 590 1443 628 ut
1464 586 1519 628 ad
1551 586 1667 629 Rho-

120 660 337 702 domeleas
368 659 530 702 referat
560 673 644 700 non
676 656 815 699 solum
846 655 1211 711 Polysiphoniam,
1234 655 1559 706 Rhodomelam,
1580 655 1667 710 Ry-

119 729 340 782 tiphlaeam
374 733 417 770 et
448 727 723 776 Chondriam,
757 725 831 767 sed
862 728 904 766 et
942 724 1352 766 Bonnemaisoniam
1392 728 1433 766 et
1472 725 1667 766 Lauren-

122 797 251 846 ciam3
285 797 337 838 de
368 797 524 851 quibus
569 794 800 848 generibus
848 796 1017 835 constat
1063 792 1373 834 nonnullarum
1419 792 1668 834 antheridia

121 879 274 918 nempe
312 864 638 920 I'olysiphoniae,
677 862 944 916 Rytiphlaeae,
985 861 1234 904 Laurenciae
1267 866 1310 904 et
1341 861 1569 903 Chondriae
1602 861 1667 902 in-

119 936 253 977 vicem
284 935 372 977 fere
405 935 542 989 magis
589 934 751 975 distare
799 946 929 987 quam
976 946 1258 986 quaecumque
1305 933 1391 974 sint
1422 932 1667 974 antheridia

120 1004 304 1045 aliarum
351 1003 655 1045 Floridearum
700 1001 827 1043 hodie
858 1000 1043 1054 cognita.
1104 1000 1214 1042 Sunt
1244 1001 1449 1043 nimirum
1480 1000 1523 1042 in
1554 1000 1668 1041 Lau-

122 1074 270 1114 rencia
300 1072 417 1113 intra
461 1070 734 1124 receptacula
780 1068 1011 1110 scutellata
1055 1073 1242 1122 recepta,
1274 1069 1317 1110 in
1349 1069 1444 1110 aliis
1490 1071 1670 1110 externa

121 1140 249 1191 nuda,
281 1141 325 1181 in
357 1140 554 1181 omnibus
586 1138 728 1192 quoad
761 1138 945 1179 formam
977 1142 1019 1178 et
1051 1137 1272 1191 paulisper
1305 1137 1447 1191 quoad
1479 1140 1667 1178 structu-

121 1223 215 1250 ram
248 1209 428 1250 diversa.
479 1208 620 1259 Quum
652 1206 1058 1248 Bonnemaisoniam
1091 1206 1332 1247 monoicam
1364 1206 1472 1248 dixit
1503 1205 1668 1247 Thuret

119 1277 270 1331 (Reeh.
302 1291 378 1319 sur
412 1277 471 1318 les
502 1275 660 1318 anther.
694 1276 768 1317 des
800 1274 898 1328 Azy.
921 1289 968 1328 p.
1002 1275 1088 1329 38),
1112 1275 1392 1328 quaerendum
1421 1273 1590 1316 videtur
1613 1289 1668 1316 an

121 1360 182 1396 ea,
217 1360 311 1400 quac
345 1346 601 1396 observavit,
649 1358 813 1398 organa
856 1357 959 1386 vera
1002 1342 1164 1385 fuerint
1208 1342 1455 1385 antheridia
1500 1343 1667 1385 Bonne-

122 1415 356 1457 maisoniae.

238 1483 304 1524 Ad
336 1481 558 1524 Florideas
590 1481 797 1523 nonnulla
835 1481 1078 1522 retulerunt
1109 1481 1291 1532 Genera,
1324 1495 1432 1535 quae,
1465 1481 1545 1523 hoc
1576 1482 1668 1524 loco

122 1551 311 1603 exclusa,
342 1565 399 1593 an
432 1565 531 1592 vere
562 1550 711 1591 iisdem
735 1549 980 1603 pertineant
1002 1549 1106 1590 mihi
1129 1563 1260 1603 quam
1283 1549 1467 1591 maxime
1490 1549 1669 1591 dubium

121 1620 315 1662 videtur:
351 1619 619 1673 Porphyram
651 1621 755 1672 puto
788 1621 919 1671 atque
951 1618 1403 1671 Batrachospermum.
1457 1618 1669 1672 Equidem

121 1688 285 1731 nullam
317 1687 666 1730 observationem·
692 1686 797 1727 mihi
830 1686 1046 1740 cognitam
1077 1686 1228 1737 habeo,
1262 1700 1357 1740 quae
1388 1686 1479 1728 haec
1501 1686 1671 1728 Genera

122 1756 334 1799 Florideis
367 1755 616 1797 vindicaret.
677 1754 806 1795 Nullo
847 1755 973 1796 modo
1015 1754 1153 1808 liquet
1183 1769 1238 1795 an
1270 1768 1435 1807 organa
1466 1754 1543 1795 illa
1575 1769 1669 1808 sep-

123 1828 228 1876 tata,
262 1838 356 1879 quae
388 1824 432 1865 in
463 1822 854 1876 Batrachospermo
898 1822 1196 1874 observarunt,
1229 1823 1315 1864 sint
1346 1822 1669 1876 sphaerosporae.

122 1893 271 1947 Neque
303 1893 355 1934 de
387 1896 544 1933 natura
591 1904 866 1944 organorum,
914 1904 1010 1944 quae
1049 1890 1297 1933 antheridia
1328 1895 1370 1932 et
1400 1892 1671 1946 cystocarpia

123 1962 283 2004 habere
315 1961 556 2010 voluerunt,
589 1959 908 2002 observationes
931 1959 1153 2014 hucusque
1174 1960 1356 2014 cognitae
1378 1964 1542 2002 certum
1566 1960 1670 2015 quid

124 2031 312 2085 probare
344 2030 450 2071 mihi
482 2029 692 2070 videntur.

238 2099 306 2140 Me
337 2099 381 2139 in
412 2098 492 2139 hoc
530 2097 758 2147 volumine,
796 2097 912 2152 quod
955 2097 1228 2151 potissimum
1273 2097 1596 2152 dispositionem
1630 2103 1671 2141 et

126 2168 455 2221 descriptionem
486 2166 725 2208 formarum
757 2171 936 2220 spectat,
968 2166 1076 2208 nihil
1108 2166 1266 2209 dixisse
1289 2167 1340 2209 de
1362 2168 1550 2221 organis,
1574 2183 1669 2222 quae

127 2237 301 2280 maximi
318 2237 521 2279 momenti
537 2235 867 2278 considerarunt
883 2236 968 2287 alii,
990 2261 1040 2265 —
1064 2236 1116 2277 de
1139 2236 1431 2291 trichogynico
1454 2236 1670 2291 adparatu

126 2310 169 2349 et
199 2305 462 2360 corpusculis
494 2304 851 2355 antheridiorum,
884 2304 1126 2359 horumque
1158 2318 1419 2358 organorum
1442 2305 1670 2346 functioni-

127 2379 205 2418 bus
237 2401 288 2405 —
321 2376 546 2428 ignoscant
575 2388 739 2428 precor.
801 2374 1068 2428 Quicumque
1108 2373 1230 2416 oculo
1268 2374 1486 2427 paulisper
1522 2374 1670 2415 critico

128 2443 447 2486 observationes
479 2447 523 2484 et
552 2441 844 2484 conclusiones
882 2442 982 2483 inde
1020 2441 1228 2484 deductas
1267 2446 1447 2496 repetat,
1487 2442 1555 2484 vix
1585 2456 1671 2484 non

128 2513 273 2554 videat
318 2511 637 2553 observationes
685 2510 906 2564 hucusque
951 2510 1090 2552 factas
1122 2514 1165 2552 et
1194 2510 1376 2552 ulterius
1413 2511 1670 2564 repetendas

130 2585 172 2623 et
202 2579 545 2622 corroborandas
568 2592 680 2629 esse.
741 2578 849 2619 Mihi
880 2578 973 2632 ipsi,
1007 2578 1267 2633 adparatum
1289 2578 1605 2633 trigogynicum
1626 2580 1670 2621 in

130 2649 327 2705 pluribus
359 2648 580 2703 quaerenti,
613 2662 668 2690 an
689 2661 895 2702 umquam
918 2662 1065 2689 verum
1086 2647 1230 2689 videre
1253 2647 1492 2700 contigerit,
1515 2648 1670 2691 nescio.

132 2719 183 2761 In
212 2720 264 2761 iis
296 2718 587 2773 cystocarpiis,
620 2732 714 2772 quae
738 2717 1119 2759 transformatione
1141 2716 1300 2758 ramuli
1322 2717 1426 2758 oriri
1456 2716 1669 2770 videntur,

133 2787 289 2831 ramuli
320 2786 617 2828 transformati
647 2786 811 2840 apicem
843 2785 932 2827 fere
964 2785 1043 2828 sub
1075 2800 1125 2827 ea
1156 2786 1296 2828 forma
1326 2786 1505 2828 nuncin
1526 2786 1670 2829 fructu
