1762 3036
75 126 365 179 Gratelouffla.
633 121 1028 164 CRYPTONEMIACEAE.
1521 124 1597 165 149

183 240 232 282 In
262 236 493 292 Speciebus
526 235 734 289 Algarum
766 233 1093 289 Grateloupiam
1124 235 1428 291 Schizymeniae
1460 238 1604 290 proxi-

71 322 183 349 mam
214 306 358 360 posui3
392 304 515 345 adest
544 318 646 346 vero
676 310 767 345 tum
799 304 843 344 in
874 307 1094 345 structura
1124 305 1302 354 frondis,
1325 308 1417 346 tuin
1439 306 1483 346 in
1515 306 1600 347 for-

71 375 265 418 mationis
296 373 423 414 modo
454 373 596 414 nuclei
627 373 826 426 quaedam
857 372 1205 424 diffe1·entia‚cui
1235 374 1279 415 in
1311 373 1519 415 affinitate
1541 375 1605 415 di-

64 442 297 498 judicanda
330 442 538 496 majorem
568 441 652 482 vim
684 441 876 483 tribuere
915 446 1124 494 opportet.
1184 442 1371 484 Nucleus
1403 443 1605 484 nimirum

68 512 111 553 in
141 509 439 564 Schizymenia
484 510 608 563 quasi
654 509 819 551 ambitu
863 508 1064 551 definitus
1096 516 1138 551 et
1168 512 1383 553 ambiente
1415 512 1606 565 gelatina

65 579 108 621 in
138 579 323 621 formam
356 582 519 620 certain
551 578 784 627 cohibitus3
817 577 922 619 oriri
953 578 1121 620 videtur
1152 579 1358 621 nucleolis
1390 580 1604 622 obconicis

64 660 90 688 a
118 650 276 700 puncto
315 646 497 688 centrali
542 646 815 688 radiantibus
861 646 1041 687 invicem
1086 651 1203 688 arcte
1250 647 1602 699 coalescentibus,

63 718 177 756 totus
208 714 450 767 placentari
480 713 551 756 filo
582 714 822 768 impositus.
882 714 931 754 In
964 714 1249 768 Grateloupia
1281 730 1380 758 vero
1412 716 1502 770 ipse
1525 732 1603 758 nu-

62 782 175 824 cleus
207 783 376 824 ambitu
407 782 549 823 minus
581 782 801 823 evidenter
823 781 1037 831 definitus,
1061 784 1186 837 Quasi
1210 782 1319 824 lobis
1341 783 1460 825 nullo
1482 789 1601 827 certo

60 851 208 893 ordine
239 852 577 893 coalescentibus
609 852 878 892 constitutus.
920 852 1115 893 Dissecto
1138 852 1288 894 nucleo
1311 853 1602 908 Grateloupiae

59 920 288 974 gemmidia
319 934 489 974 quoque
528 919 696 961 facilius
737 918 947 961 diffluunt.
1007 920 1051 962 Si
1083 922 1245 974 species
1279 923 1492 976 quasdam
1524 938 1602 964 au-

59 987 319 1038 stralasicas,
367 988 625 1030 elasticitate
658 1002 825 1029 sumina
871 988 1044 1030 filorum
1082 1003 1176 1043 quae
1217 989 1414 1033 frondem
1445 992 1603 1033 consti—

57 1059 183 1098 tuant
221 1056 423 1111 insignes,
456 1056 512 1097 ad
543 1055 870 1110 Grateloupiam
915 1057 997 1098 rite
1029 1056 1265 1109 retulerim,
1297 1062 1437 1100 totum
1468 1059 1602 1113 adpa-

57 1128 200 1166 ratum
230 1125 489 1180 cystocarpii
519 1126 564 1166 in
595 1125 880 1179 Grateloupia
910 1127 1047 1180 magis
1069 1127 1371 1181 complicatum
1402 1133 1601 1182 putarem

60 1206 191 1247 quam
222 1193 265 1234 in
298 1193 608 1249 Schizymenia.
669 1193 719 1235 In
759 1195 983 1247 speciebus
1023 1194 1151 1237 alatis
1187 1196 1391 1238 nimirum
1429 1197 1600 1239 eviden-

59 1262 222 1304 tissime
255 1263 439 1316 adparet
477 1267 662 1304 stratum
702 1263 926 1316 proprium
965 1265 1334 1306 circumnucleare
1371 1266 1413 1307 in
1445 1266 1600 1308 Grate-

59 1329 206 1384 loupia
236 1330 400 1372 adesse.
444 1329 625 1373 Constat
655 1331 736 1373 hoc
766 1331 849 1372 filis
881 1332 1164 1374 interioribus
1199 1332 1374 1375 densius
1407 1334 1599 1386 evolutis,

57 1399 101 1439 in
131 1402 318 1440 stratum
349 1400 667 1441 concentricuni
704 1399 903 1441 nucleum
943 1401 1204 1443 ambientem
1245 1403 1495 1457 conjunctis,
1534 1404 1600 1445 in-

58 1467 290 1510 terioribus
322 1482 348 1509 a
377 1468 536 1510 cellula
567 1469 756 1522 quadam
787 1473 864 1510 aut
894 1470 1007 1512 nodo
1039 1471 1281 1524 placentari
1309 1472 1598 1525 provenienti-

56 1535 148 1588 bus,
181 1537 477 1590 superioribus
509 1537 565 1579 ad
597 1539 934 1591 carpostomium
962 1538 1313 1581 conducentibus.
1375 1541 1497 1582 Intra
1519 1541 1598 1583 hoc

55 1604 234 1647 cellulas
265 1606 515 1647 matricales
547 1606 759 1659 plurimas
790 1607 987 1660 majores
1011 1606 1100 1648 fere
1131 1608 1370 1662 contiguas
1403 1609 1596 1661 singulas

54 1674 307 1715 membrana
347 1674 524 1729 hyalina
555 1676 729 1726 cinctas,
767 1675 1058 1718 endochroma
1088 1677 1305 1731 integrum
1336 1683 1412 1719 aut
1441 1692 1597 1732 parum

54 1741 320 1784 subdivisum
349 1743 540 1785 foventes
572 1744 670 1785 vidi.
730 1743 819 1785 Has
850 1745 1010 1786 sensim
1051 1746 1186 1799 magis
1219 1746 1472 1797 subdivisas,
1505 1748 1596 1801 glo-

53 1810 239 1853 nierulos
261 1811 603 1865 gemmidiorum,
626 1813 866 1866 parietibus
888 1814 930 1854 in
952 1814 1187 1867 gelatinam
1211 1814 1374 1867 solutis,
1406 1815 1596 1858 formare

52 1884 264 1933 putarem.
325 1881 547 1932 Quomodo
580 1881 782 1922 oriuntur
813 1881 977 1923 cellulae
1011 1882 1257 1924 inatricales
1288 1883 1394 1925 mihi
1421 1884 1595 1937 quidem

52 1963 138 1990 non
169 1954 356 1999 certum3
397 1963 423 1991 a
454 1950 584 2003 plexu
612 1949 787 1991 filorum
832 1950 1037 1992 interiore
1084 1951 1242 1992 sensim
1288 1955 1592 2005 transmutato,

52 2016 174 2059 initio
222 2018 464 2072 congeriem
510 2017 839 2072 cylindraceam,
885 2019 1059 2060 demum
1111 2019 1332 2073 globosam
1377 2020 1593 2063 formante

8 2079 10 2081 ’
53 2089 170 2127 ortas
202 2085 406 2139 suspicor.
470 2084 513 2127 Si
545 2085 606 2127 ita
636 2084 907 2128 formationis
946 2087 1122 2129 modum
1162 2087 1302 2129 nuclei
1342 2089 1424 2130 rite
1465 2090 1592 2132 intel-

52 2151 241 2205 lexerim,
265 2156 385 2206 patet
406 2153 734 2207 Grateloupiam
759 2158 802 2196 et
823 2155 995 2197 Genera
1015 2156 1114 2196 huic
1136 2156 1333 2209 proxima
1351 2157 1591 2211 Gigartinae

53 2234 203 2262 revera
240 2221 595 2276 adprophrquari,
635 2222 735 2264 licet
773 2222 959 2265 nucleoli
998 2223 1155 2265 diversi
1193 2224 1323 2266 nullis
1356 2226 1592 2280 interjectis

53 2289 135 2331 filis
182 2290 403 2332 sterilibus
449 2295 719 2345 separentur,
768 2296 811 2334 et
855 2293 1032 2334 nucleus
1085 2296 1283 2335 maturus
1330 2293 1593 2347 adparenter

54 2358 235 2412 simplex
269 2359 492 2413 adpareat.

165 2427 228 2468 De
259 2427 470 2470 limitibus
502 2429 682 2471 Generis
715 2443 791 2471 nec
823 2431 995 2472 omnino
1027 2435 1170 2473 certus
1202 2446 1308 2473 sum.
1352 2431 1460 2474 Sunt
1480 2446 1591 2486 prae-

54 2495 175 2548 cipue
207 2495 377 2549 Species
410 2497 726 2550 Australasicae‚
766 2514 862 2553 quae
900 2503 993 2541 tum
1025 2501 1281 2551 substantia,
1315 2514 1428 2554 saepe
1460 2515 1591 2554 quam

54 2564 238 2605 maxime
286 2564 537 2617 gelatinosa,
585 2571 677 2608 tum
723 2568 767 2608 in
814 2567 1033 2610 nonnullis
1078 2568 1230 2609 fronde
1304 2568 1591 2610 subtubulosa

55 2632 284 2674 abnormes
307 2632 562 2686 adpareant.
605 2635 775 2690 Harvey
798 2635 876 2677 has
908 2636 1083 2689 species,
1117 2636 1152 2677 si
1174 2635 1255 2677 rite
1287 2636 1339 2676 de
1360 2636 1412 2677 iis
1429 2637 1588 2689 judico,

53 2699 107 2740 ad
138 2699 460 2741 Nemastomam
491 2702 660 2749 retulit:
693 2718 719 2744 a
740 2718 824 2757 quo
857 2704 1023 2745 Grenere
1055 2718 1154 2744 vero
1182 2707 1403 2745 structura
1424 2704 1588 2747 frondis

54 2771 95 2808 et
126 2768 344 2809 fructuum
375 2782 526 2810 revera
555 2770 725 2825 longius
757 2771 975 2821 recedunt,
1008 2770 1108 2812 licet
1155 2772 1398 2813 substantia
1442 2774 1588 2815 forsan

54 2836 191 2889 magis
222 2837 522 2879 convenientes
553 2839 651 2881 sint.
