1757 3114
123 131 205 172 402
697 132 1117 176 SPHAERoooccomEAE.
1447 135 1658 180 Gurdiaea.

235 259 340 300 vage
372 246 587 296 laciniata,
633 246 776 289 axillis
822 248 1140 299 obtusiusculis,
1188 251 1420 302 segmentis
1457 255 1659 292 cuneato-

233 314 472 357 linearibus
496 329 603 369 vage
624 316 857 369 dispositis,
878 316 1155 359 inferioribus
1178 332 1289 372 saepe
1310 319 1524 373 palmatis,
1547 334 1660 361 nunc

236 397 261 424 a
292 384 487 437 margine
518 383 747 436 proliferis,
781 385 1061 439 cystocarpiis
1084 399 1161 439 per
1182 385 1378 428 frondem
1410 387 1659 429 densissime

237 452 410 504 sparsis,
453 451 1020 506 depresso—hemisphaericis
1051 453 1224 494 demum
1255 456 1543 508 carpostomio
1572 455 1659 497 late

234 519 380 560 hiante
425 521 624 572 pertusis.
674 521 1003 574 Rhodymem'a?
1048 523 1240 564 coriacea
1286 522 1421 565 Hook.
1452 526 1490 565 et
1521 522 1659 565 Harv.

233 587 258 628 l.
291 601 322 629 c.
356 586 610 631 Gracilaria
649 591 842 632 coriacea
881 589 1017 631 Harv.
1050 590 1096 631 in
1128 589 1199 631 Fl.
1234 590 1341 632 Nov.
1374 591 1460 632 Zel.
1483 605 1530 644 p.
1563 592 1656 632 243.

234 654 394 708 Sphoer.
426 657 640 699 coriaceus
674 658 804 699 Kritz.
837 657 919 698 tab.
955 656 1084 710 Phgyc.
1129 657 1217 699 Vol.
1253 657 1448 701 XVIII.
1480 659 1562 700 tab.
1592 661 1657 701 95.

385 724 496 766 Hab.
529 725 584 766 ad
617 725 778 767 Novam
810 725 1072 767 Zelandiam.

208 792 382 827 Affinitas
410 793 520 838 hujus
548 794 690 838 speciei
717 794 780 828 diu
807 794 932 838 dubia,
970 794 1120 829 demum
1157 795 1406 840 cystocarpiis
1445 795 1656 830 observatis

118 846 302 884 Curdiaeae
329 849 502 895 proxima
520 850 612 885 mihi
639 851 827 895 adparuit,
855 854 919 885 aut
945 851 984 885 C.
1004 850 1197 886 laciniatae
1217 852 1487 896 congenerica,
1506 855 1569 886 aut
1587 851 1658 886 Ge-

116 918 187 940 nus
225 906 283 941 sui
316 907 412 952 juris
451 908 688 943 constituens
728 908 758 942 si
795 908 835 942 in
878 908 1157 954 sphaerosporis
1195 909 1422 944 differentiae
1462 910 1654 944 adessent.

115 963 257 999 Habitu
283 976 304 998 a
334 964 568 1010 Gracilariis,
602 977 685 1009 quae
723 966 817 999 mihi
857 966 1064 1001 sectionem
1100 967 1362 1011 Pachycladiae
1402 967 1654 1010 constituant,

115 1032 191 1055 non
217 1022 418 1057 admodum
444 1023 603 1067 recedit,
630 1023 779 1057 cellulis
806 1034 954 1067 quoque
979 1023 1227 1058 interioribus
1253 1025 1473 1069 majoribus,
1499 1025 1655 1069 parieti-

117 1079 186 1113 bus
212 1079 435 1115 incrassatis
463 1080 664 1115 instructis
702 1092 931 1126 congruens,
970 1083 1090 1116 strato
1128 1093 1218 1116 vero
1244 1082 1416 1117 corticali
1442 1083 1487 1117 ab
1513 1082 1572 1116 his
1600 1081 1654 1116 di—

115 1147 243 1179 versa;
282 1138 431 1172 cellulae
469 1137 648 1172 nimirum
685 1137 883 1172 corticales
921 1137 960 1171 in
998 1137 1062 1171 fila
1098 1138 1295 1173 verticalia
1325 1139 1389 1173 vix
1427 1139 1653 1183 eonjunctae.

117 1193 354 1241 Cystocarpii
382 1199 575 1231 structura
599 1199 790 1241 praeterea
817 1196 968 1231 omnino
996 1196 1107 1230 aliani
1134 1196 1278 1231 indicat
1304 1196 1538 1231 affinitatem.
1580 1197 1655 1231 Nu-

115 1250 218 1286 cleus
245 1263 381 1297 nempe
408 1256 540 1297 typum
565 1252 939 1297 Melanthaliearum,
966 1264 1036 1287 nec
1063 1252 1380 1288 Gracilariearum
1406 1253 1538 1288 refert.
1570 1253 1654 1288 Pla-

113 1311 226 1342 centa
250 1309 289 1343 in
314 1310 439 1344 medio
465 1321 596 1354 parum
623 1310 786 1353 elevata,
824 1309 903 1344 fere
941 1310 1179 1355 planiuscula
1210 1310 1385 1355 dicenda,
1417 1323 1565 1345 sursum
1591 1311 1656 1346 fila

112 1366 277 1411 plurima
302 1366 529 1412 longissima
556 1370 595 1402 et
621 1367 851 1411 adparenter
877 1367 1066 1412 simplicia
1104 1368 1261 1411 emittit,
1299 1380 1382 1412 quae
1413 1368 1562 1403 inferne
1588 1369 1654 1403 sti-

113 1423 326 1468 patissima,
353 1435 516 1469 superne
542 1435 674 1469 parum
702 1424 838 1459 dissita
864 1427 903 1459 et
928 1435 949 1458 a
974 1424 1054 1460 basi
1081 1425 1302 1469 angustiore
1333 1425 1536 1469 radiantia,
1574 1437 1653 1459 car-

113 1481 342 1524 postomium
369 1493 501 1516 versus
529 1481 679 1515 demum
706 1481 995 1527 convergentia,
1022 1482 1194 1516 articulis
1220 1482 1393 1526 plurimis
1419 1482 1498 1517 fere
1524 1487 1652 1518 rotun-

114 1537 213 1572 datis
240 1538 450 1573 constituta
473 1538 568 1572 mihi
607 1539 877 1583 adparuerunt.
926 1539 1093 1573 Articuli
1132 1539 1348 1583 superiores
1385 1540 1537 1584 plurimi
1574 1540 1653 1574 fere

113 1594 244 1628 eodem
270 1597 442 1638 tempore
468 1598 785 1638 maturescentes,
819 1595 1026 1641 gemmidia
1045 1596 1267 1631 ‘rotundata
1302 1596 1382 1630 sere
1409 1595 1519 1630 simul
1546 1596 1653 1631 emit-

111 1653 253 1686 tentes.
303 1651 560 1696 Pericarpium
586 1663 734 1696 quoque
761 1653 986 1698 depressum
1011 1655 1163 1687 constat
1189 1653 1339 1687 cellulis
1372 1653 1484 1687 strati
1520 1653 1652 1687 interi-

111 1708 188 1743 oris
213 1708 439 1752 minoribus,
465 1708 544 1743 fere
571 1709 652 1743 sine
683 1710 817 1744 ordine
842 1709 1046 1754 conspicuo
1065 1710 1182 1744 dense
1200 1709 1427 1754 conjunctis,
1447 1713 1486 1744 et
1504 1710 1652 1745 cellulis

112 1765 226 1799 strati
252 1766 445 1801 corticalis
471 1766 551 1800 fere
576 1765 616 1800 in
642 1765 706 1800 fila
730 1767 863 1802 brevia
889 1766 1089 1802 verticalia
1115 1767 1290 1802 evolutis.

112 1835 149 1875 2.
183 1833 226 1876 G.
249 1848 468 1877 LACINIATA
486 1835 644 1887 (Harv.
662 1837 709 1877 in
726 1835 841 1878 Aam.
862 1836 966 1878 Nat.
986 1836 1102 1878 Hist.
1137 1836 1222 1878 Vol.
1248 1838 1360 1889 1510.
1382 1836 1484 1892 333)
1501 1836 1652 1878 fronde

225 1901 358 1956 plana
388 1917 571 1945 carnosa
601 1916 708 1957 vage
740 1904 959 1953 laciniata,
992 1903 1133 1946 axillis
1165 1904 1422 1955 rotundatis,
1457 1917 1651 1957 segmen-

224 1971 281 2012 tis
312 1972 755 2014 cuneato-linearibus
787 1971 1012 2026 elongatis,
1046 1986 1158 2014 nunc
1185 1972 1397 2026 pinnatim
1419 1972 1650 2026 dispositis,

225 2040 381 2092 saepius
413 2039 616 2093 palmatis
649 2054 834 2094 superne
865 2040 1120 2081 dichotomis
1152 2039 1432 2092 laciniatisve,
1456 2041 1650 2095 apicibus

225 2108 400 2158 obtusis,
433 2109 714 2162 cystocarpiis
746 2108 1072 2162 marginalibus,
1106 2108 1417 2161 sphaerosporis
1438 2109 1483 2150 iu
1504 2123 1650 2151 macu-

223 2176 276 2217 lis
299 2177 630 2218 nematheciosis
652 2177 1107 2230 intra-marginalibus
1130 2178 1298 2219 ambitu
1320 2178 1649 2220 subindefinitis.

226 2244 363 2286 Harv.
397 2245 422 2286 l.
453 2258 486 2287 c.
521 2249 558 2287 et
593 2244 727 2299 Phyc.
775 2249 908 2287 aastr.
955 2245 1037 2287 tab.
1090 2245 1339 2297 XXXIX;
1389 2247 1518 2289 Krete.
1566 2249 1648 2289 tab.

203 2312 353 2366 'Phyc
396 2312 483 2354 Vol.
520 2313 649 2355 XIX
676 2313 759 2356 tab.
793 2314 857 2355 33.
891 2313 1147 2356 Gracilaria
1178 2314 1446 2369 callophyllis
1475 2316 1647 2358 Aresch.

228 2380 356 2435 Phyc.
387 2395 479 2423 nov.

190 2468 191 2472 ¹
378 2450 544 2491 Formae
575 2450 681 2491 mihi
712 2450 933 2492 videntur:

112 2534 152 2560 α.
182 2518 462 2593 cystocarpiis
496 2519 682 2571 margini
713 2519 766 2560 ob
799 2518 964 2560 fruetus
1002 2519 1333 2561 intumescentes
1371 2521 1530 2563 nodoso
1567 2521 1646 2563 im-

222 2586 385 2628 mersis.
419 2584 463 2627 G.
495 2586 702 2629 laciniam
735 2586 871 2628 Harv.
904 2586 928 2627 l.
960 2600 991 2628 c.

108 2658 148 2707 β.
182 2655 376 2708 margine
408 2654 574 2697 frondis
605 2656 649 2697 in
679 2655 872 2698 fimbrias
904 2655 1054 2697 bieves
1086 2656 1394 2737 crassiusculas
1422 2657 1644 2710 producto,

224 2723 406 2766 fimbriis
439 2725 709 2778 cystocarpia
739 2724 1002 2778 gerentibus.

222 2791 320 2834 Hab
351 2792 407 2833 ad
438 2806 537 2834 oras
581 2793 710 2835 Novae
757 2792 998 2834 Hollandiae
1044 2793 1274 2844 australes3
1320 2796 1360 2846 β.
1393 2793 1446 2834 ad
1486 2792 1643 2834 Orford

375 2858 617 2902 Tasmaniae
648 2861 760 2902 D:na
791 2859 1022 2901 Mei-edith!
