1762 3036
152 116 206 156 90
793 118 1031 162 CERAMIEAE.
1386 123 1684 176 Halopleyma.

264 229 520 284 prominulis
550 231 697 284 plures
728 232 953 281 immersae,
980 232 1063 274 filis
1086 233 1216 275 dense
1248 236 1540 279 ambientibus
1570 237 1687 279 invo-

264 297 456 349 lncratae,
490 299 606 340 intra
635 300 883 352 periderma
913 300 1137 355 liyalinum
1183 303 1416 355 gemmidia
1461 318 1691 347 numerosa

266 380 291 407 a
321 366 568 419 placentula
598 367 817 409 radiantia
846 367 1049 410 foventes.
1094 369 1406 424 Sphcmsporoe
1438 373 1493 415 ad
1522 372 1597 414 fila
1617 386 1690 427 pe-

264 435 481 488 ripherica
512 433 664 476 adfixae
697 435 916 489 sphaericae
947 437 1166 491 triangule
1197 438 1356 481 divisae.

265 561 332 604 Ex
362 562 460 604 lobo
492 562 756 605 increscente
787 564 1044 606 concludere
1075 564 1176 606 licet
1205 564 1326 606 filum
1357 566 1575 620 quoddam
1601 581 1693 609 esse

150 630 408 684 primarium
452 629 631 683 frondis,
677 631 931 673 lateralibus
971 631 1307 674 subflabellatim
1337 635 1381 675 in
1410 634 1590 688 planum
1620 649 1692 677 ex-

150 698 297 753 pansis
328 712 427 740 mox
457 698 798 752 insequentibus,
831 700 1013 754 singulis
1045 701 1089 741 in
1112 701 1254 754 apices
1287 701 1495 744 fimbriati
1527 704 1689 756 margi-

150 769 217 809 nis
263 768 600 810 excurrentibus.
670 769 767 810 Fila
811 769 900 811 haec
951 771 1075 824 quasi
1121 770 1308 812 costulas
1352 771 1690 826 longitudinales

149 836 315 878 frondis
348 836 547 878 efficiunt.
588 836 689 878 Haec
706 837 949 892 junguntur
971 839 1205 881 trabeculis
1228 841 1606 893 transversalibus,
1631 842 1694 883 ita

151 909 199 946 ut
230 905 419 947 sceleton
464 902 630 946 frondis
675 905 857 947 reticulo
902 907 1095 948 areolato
1141 907 1366 949 formatur.
1427 909 1477 950 In
1514 910 1693 952 diversis

153 974 303 1016 formis
335 975 414 1016 hoc
445 975 675 1016 reticulum
707 974 1028 1029 aliquantulum
1073 976 1289 1017 diversum
1335 977 1442 1018 mihi
1479 978 1695 1032 adparuit,

153 1044 265 1085 areis
297 1044 467 1085 reticuli
498 1057 612 1084 nunc
643 1043 1118 1097 subrectangularibus,
1143 1059 1255 1086 nunc
1278 1046 1559 1096 brevioribus,
1585 1062 1698 1089 1111110

154 1113 293 1166 magis
324 1112 699 1165 longitudinaliter
732 1114 944 1167 porrectis
977 1117 1019 1155 et
1049 1114 1190 1155 forma
1231 1115 1372 1156 minus
1413 1115 1598 1157 evidenti
1634 1116 1698 1157 in-

153 1183 342 1224 structis.
402 1182 468 1224 Ab
499 1182 579 1223 hoc
611 1182 766 1224 0001010
798 1182 966 1224 frondis
998 1181 1072 1223 fila
1102 1183 1374 1236 peripherica
1406 1188 1574 1225 exeunt.
1616 1185 1697 1225 Ar-

152 1251 278 1293 ticuli
309 1251 353 1292 in
382 1250 465 1292 filis
497 1251 779 1304 periphericis
809 1252 1026 1294 breviores
1059 1265 1191 1306 quam
1221 1252 1265 1293 in
1296 1252 1379 1294 filis
1411 1253 1659 1295 costalibus.

269 1330 439 1385 Species
470 1330 618 1372 forsan
648 1331 796 1385 plures
818 1331 977 1373 adsunt
999 1345 1130 1385 quam
1160 1336 1471 1385 assumserunt,
1496 1332 1572 1374 sed
1594 1333 1697 1374 cha-

155 1404 353 1442 racteres
374 1400 444 1442 vix
467 1400 689 1454 hucusque
711 1401 884 1442 inventi.
917 1400 1160 1454 Specimina
1180 1400 1328 1442 formae
1350 1401 1483 1443 Indiae
1506 1401 1693 1443 occiden-

161 1469 262 1511 talis
286 1469 476 1511 nondum
497 1470 560 1511 ita
581 1469 793 1523 completa
814 1469 919 1510 mihi
941 1470 1205 1511 obvenerunt
1226 1473 1274 1511 ut
1297 1471 1436 1511 dicere
1459 1471 1597 1512 ausim
1618 1485 1702 1524 quo

151 1542 350 1592 respectu
384 1552 410 1579 a
440 1540 581 1593 specie
611 1538 740 1580 Novae
780 1538 1021 1580 Hollandiae
1043 1552 1194 1580 revera
1224 1538 1409 1581 differat.
1451 1538 1697 1592 Specimina

154 1607 187 1648 T
192 1608 415 1649 asmanica
445 1607 634 1661 plurima
664 1606 852 1649 offerunt
882 1607 1050 1649 areolas
1089 1606 1256 1649 frondis
1297 1608 1435 1660 magis
1466 1611 1696 1661 rectangu-

150 1674 264 1716 lares
296 1679 340 1717 et
370 1676 567 1730 majores,
600 1689 730 1717 zonas
769 1675 1082 1717 transversales
1115 1680 1156 1717 et
1186 1675 1441 1718 fiabellatim
1478 1677 1699 1718 radiantes

153 1744 405 1795 formantes,
439 1758 569 1799 quam
599 1745 642 1785 in
673 1744 814 1786 forma
844 1744 1137 1799 frequentiore
1168 1744 1297 1787 Novae
1329 1745 1574 1787 Hollandiae
1596 1745 1695 1793 vidi,

152 1813 196 1853 in
230 1826 318 1866 qua
349 1813 506 1854 areolae
538 1826 636 1854 cum
667 1816 794 1855 aetate
827 1813 983 1854 sensim
1014 1814 1153 1866 magis
1184 1814 1455 1865 inordinatae,
1479 1814 1602 1868 quasi
1624 1817 1696 1855 ob-

151 1879 334 1922 literatae
367 1881 484 1922 etin
515 1881 792 1934 spongiosum
825 1880 992 1921 caulem
1030 1882 1358 1923 teretiusculum
1395 1882 1694 1923 coalescentes.

154 2022 189 2061 1.
224 2020 275 2062 Η.
307 2020 548 2062 DUPERREYI
570 2019 724 2072 (Mont.
750 2018 863 2062 Ceut.
887 2019 986 2061 III.
1006 2032 1076 2061 7250
1099 2021 1185 2075 69.)
1207 2019 1359 2061 fronde
1381 2018 1695 2062 flabelliformi-

265 2102 455 2142 expansa
486 2088 674 2140 subvage
705 2087 862 2137 lobata‚
895 2087 1006 2128 lobis
1038 2088 1248 2141 oblongis,
1272 2088 1468 2142 margine
1489 2089 1695 2143 utrinque

266 2156 506 2212 subaequali
536 2157 699 2199 minute
730 2156 957 2206 fimbriato,
989 2156 1073 2198 filis
1104 2156 1387 2210 periphericis
1418 2157 1695 2199 abbreviatis.

265 2226 399 2268 Mont.
434 2226 458 2266 l.
490 2240 520 2267 c.
553 2225 634 2267 tab.
667 2227 703 2266 7.
736 2224 781 2267 J.
815 2224 895 2278 Ay.
933 2224 1004 2277 Sp.
1028 2239 1075 2278 p.
1111 2227 1202 2266 111.
1252 2225 1381 2267 Ke'iz‘e.
1430 2226 1511 2267 tab.
1565 2225 1693 2279 Phyc.

279 2294 368 2336 Vol.
406 2295 523 2337 XII.
556 2294 638 2336 tab.
671 2294 735 2335 62.

266 2373 332 2415 Ad
362 2374 532 2415 Indiam
563 2372 892 2425 occidentalem3
926 2373 981 2414 ad
1013 2372 1204 2413 Africam
1237 2386 1316 2414 sec.
1340 2373 1517 2415 Sonder.
1551 2374 1695 2428 Speci-

152 2444 270 2485 mina
302 2458 353 2485 ex
383 2443 535 2484 insulis
568 2443 715 2485 oceani
748 2442 914 2496 pacifici
946 2441 1001 2483 ad
1034 2441 1146 2482 hanc
1177 2456 1348 2496 quoque
1381 2443 1596 2496 pertinere
1627 2457 1694 2485 as-

157 2513 312 2554 sumsit
342 2511 521 2566 Harvey.

155 2643 191 2681 2.
227 2641 276 2682 H.
310 2654 476 2681 rssmssn
498 2639 660 2693 (Ham.
689 2641 731 2681 in
754 2638 889 2680 Hook.
915 2638 974 2679 Ic.
1001 2637 1148 2679 XIII.
1174 2637 1256 2678 tab.
1279 2637 1395 2692 613.)
1426 2637 1575 2679 fronde
1598 2640 1695 2678 sub-

270 2707 563 2750 flabelliformi
594 2706 956 2760 pinnato-lobata,
988 2705 1220 2758 pinnarum
1242 2704 1348 2746 lobis
1371 2704 1564 2757 oblongis
1595 2705 1696 2746 sub-

271 2775 538 2817 secundatim
569 2774 801 2827 dispositis,
834 2773 1028 2826 margine
1072 2772 1345 2826 inaequaliter
1384 2771 1552 2813 evoluto
1598 2772 1696 2813 hinc

271 2845 409 2898 magis
440 2842 761 2897 integriusculo,
793 2841 910 2883 illinc
941 2841 1084 2883 lacero
1115 2844 1190 2882 aut
1234 2841 1450 2891 laciniato,
1496 2840 1578 2881 filis
1623 2855 1695 2895 pe-
