1747 2620
1655 0 1672 15 x
1718 10 1720 12 ,

1292 68 1319 83 ff
1716 48 1747 87 5

1286 146 1315 159 0,
1444 132 1462 146 u
1540 150 1544 154 .
1592 126 1618 158 ⁴»
1638 127 1671 146 ν
1694 96 1747 172 ἕξ

1266 182 1326 225 ’,ἵν’
1346 213 1350 217 .
1447 201 1592 227 ‘mna-„3
1677 171 1747 230 ''AE

1264 227 1377 307 '32:39³
1389 271 1411 289 “-
1424 275 1474 304 μ»
1487 284 1511 311 ,3
1523 289 1541 301 -i
1556 277 1595 305 ο,
1608 247 1745 305 se&

649 378 1164 434 PRAEFArlo.
1380 355 1673 414 „mg-*y

141 500 258 573 Fuit
287 532 331 572 in
362 530 469 572 votis
520 533 569 570 ut
615 542 711 582 quae
757 533 856 582 post
901 529 1040 570 editas
1089 528 1388 582 ,specierum
1433 529 1686 583 Alyarum

140 604 285 654 partes
317 600 483 654 priores
515 612 625 640 nova
662 599 713 639 de
753 597 963 640 Florideis
1009 597 1246 647 didicerim,
1280 612 1330 640 ea
1361 598 1440 640 hoc
1473 599 1687 640 volumine

141 668 562 723 comprehenderem.
637 667 698 708 De
744 665 1059 718 Rhodomeleis‚
1107 668 1243 708 serius
1289 681 1315 708 a
1361 680 1427 708 me
1472 668 1686 718 tractatis,

139 738 266 780 hodie
297 737 499 787 seribere,
532 749 616 777 non
646 735 691 776 in
723 735 865 776 animo
896 734 989 776 fuit.

252 806 341 848 Sub
374 806 454 847 hoc
486 808 678 857 tempore
710 803 993 857 praeterlapso
1028 807 1275 857 susceptum
1306 808 1372 845 est
1393 804 1449 845 ad
1471 818 1568 846 oras
1601 805 1687 846 Au-

138 875 315 927 straliae,
354 875 564 929 Algarum
604 872 892 923 feracissimae,
940 873 1022 914 iter
1069 872 1177 914 illud
1222 872 1538 928 Harveyanum,
1573 873 1688 927 quod

137 943 299 986 formas
345 943 554 997 plurimas
602 955 734 983 novas
772 941 960 982 scientiae
994 941 1144 982 attulit
1176 945 1218 983 et
1249 942 1582 995 investigatores
1614 943 1687 983 Al-

144 1026 298 1065 garum
329 1012 447 1053 haud
478 1025 639 1065 paucos
672 1010 865 1062 adscivit,
899 1025 1083 1064 quorum
1106 1023 1238 1064 opera
1259 1024 1378 1053 novae
1400 1010 1548 1052 formae
1572 1011 1688 1052 haud

143 1094 292 1134 paucae
323 1084 476 1134 postea
509 1093 679 1134 quoque
711 1078 891 1120 detectae
937 1078 1127 1120 fuerunt.
1187 1079 1466 1133 Harveyanas
1513 1080 1688 1133 species,

146 1150 226 1192 sub
257 1148 660 1203 importunitatibus
691 1148 857 1188 itineris
889 1148 1170 1197 examinatas,
1206 1162 1289 1188 non
1321 1162 1491 1201 semper
1522 1148 1603 1189 rite
1626 1148 1689 1188 in-

144 1219 342 1260 tellectas
372 1218 518 1268 fuisse,
551 1218 647 1271 quis
680 1220 745 1258 est
777 1217 850 1270 qui
883 1217 1078 1258 miratur.
1123 1217 1188 1258 Ad
1220 1230 1271 1257 ea
1301 1216 1571 1270 corrigenda,
1595 1230 1690 1271 quae

144 1289 199 1330 ab
230 1288 353 1329 initio
384 1286 497 1328 male
529 1285 785 1339 conceperit,
817 1284 1007 1338 plurima
1039 1285 1137 1326 dein
1168 1284 1352 1327 contulit
1382 1286 1472 1339 ipse
1501 1285 1689 1340 Harvey3

144 1357 342 1411 posteris,
386 1359 568 1397 mortem
615 1357 924 1408 praematuram
965 1354 1226 1408 lugentibus,
1259 1354 1396 1395 multa
1427 1358 1571 1396 tamen
1603 1354 1691 1396 alia

145 1426 391 1468 accuratius
438 1423 726 1467 examinanda
772 1426 951 1474 restare,
998 1422 1287 1464 confitendum
1333 1426 1409 1464 est.
1471 1424 1573 1473 Quae
1610 1423 1691 1465 hoc

144 1494 271 1536 modo
303 1494 475 1535 demum
505 1493 588 1534 rite
619 1491 791 1546 cognita
821 1489 998 1532 fuerunt
1029 1495 1077 1532 ut
1108 1491 1233 1545 quasi
1264 1491 1307 1532 in
1330 1505 1504 1533 succum
1526 1495 1569 1533 et
1591 1505 1689 1533 san-

146 1563 320 1617 guinem
351 1561 539 1604 scientiae
572 1561 839 1614 recipiantur
870 1573 1017 1601 eorum
1057 1563 1132 1607 est,
1166 1560 1241 1614 qui
1272 1561 1404 1602 totius
1436 1559 1690 1615 Systematis

145 1632 377 1686 imaginem
408 1630 671 1672 adumbrare
702 1628 942 1683 periculum
972 1628 1180 1670 fecerunt.

260 1699 339 1740 Est
370 1698 545 1753 quidem
575 1698 619 1739 in
650 1696 769 1751 Algis
802 1696 1014 1739 Florideis
1046 1696 1126 1738 hoc
1167 1697 1612 1749 animadvertendum,
1642 1702 1691 1739 ut

147 1768 233 1810 sub
257 1767 398 1810 forma
428 1766 639 1809 exteriore
670 1765 890 1807 simillima
921 1780 1032 1819 saepe
1072 1766 1208 1808 lateat
1253 1770 1475 1809 structura
1519 1767 1691 1808 interna

148 1851 280 1892 quam
309 1837 493 1879 maxime
525 1836 713 1887 diversa3
747 1835 851 1889 quin
872 1835 1002 1877 immo
1033 1835 1151 1877 haud
1182 1849 1282 1878 raro
1315 1836 1505 1878 obtineat
1535 1839 1583 1877 ut
1611 1835 1689 1877 ha-

148 1907 244 1949 bitu
289 1907 501 1949 exteriore
539 1910 582 1947 et
621 1908 842 1947 structura
886 1905 1091 1947 interiore
1137 1905 1405 1947 diversarum
1451 1905 1688 1959 specierum

149 1974 382 2019 admodum
413 1974 749 2028 congruentibus
780 1971 1136 2027 (Callithamnion
1169 1978 1211 2015 et
1235 1973 1497 2027 Wrangelia,
1523 1973 1689 2027 Hydro-

149 2044 377 2100 lapathum
409 2048 451 2086 et
480 2043 743 2099 Delesseria)
775 2042 941 2085 fructus
972 2046 1117 2084 tamen
1140 2043 1225 2085 sint
1246 2043 1535 2084 diversissimi.
1567 2043 1689 2094 Quod

151 2113 326 2168 quidem
358 2126 497 2167 neque
527 2111 707 2155 fortuito
739 2112 953 2162 obvenire,
986 2125 1124 2166 neque
1161 2111 1464 2166 polymorphia
1502 2111 1688 2165 quadam

151 2182 370 2224 fructuum
401 2181 591 2235 ejusdem
622 2180 788 2234 Speciei
825 2181 1045 2234 explicari,
1085 2180 1191 2222 mihi
1221 2184 1286 2222 est
1316 2180 1614 2232 certissimum,
1647 2185 1690 2222 et

151 2251 382 2304 unicuique
427 2264 529 2292 sane
567 2254 716 2304 pateat
755 2250 829 2303 qui
860 2249 1080 2291 Florideas
1113 2249 1195 2291 sibi
1227 2250 1334 2291 bene
1365 2249 1558 2302 cognitas
1590 2250 1687 2292 red-

153 2319 254 2361 dere
285 2319 481 2361 voluerit.
527 2318 630 2368 Quae
663 2318 698 2359 si
728 2319 790 2360 ita
820 2318 918 2370 sint,
951 2332 1174 2372 quousque
1205 2318 1367 2358 ducant
1397 2317 1688 2360 conclusiones

152 2389 196 2429 in
227 2389 373 2441 aprico
405 2391 488 2428 est:
520 2386 681 2428 nullam
712 2385 956 2428 Florideam
987 2386 1030 2427 in
1062 2390 1293 2440 systemate
1323 2386 1405 2426 rite
1437 2385 1688 2439 dispositam
