1762 3036
138 123 151 162 1
162 123 212 163 52
699 119 1094 163 CRYPTONEMIACEAE.
1366 120 1662 174 Grateloupc'a.

131 237 173 290 c)
204 235 396 276 DAVIEsn
442 234 606 276 frondis
645 235 811 276 laciniis
850 249 961 288 saepe
999 236 1246 288 permagnis
1285 235 1451 277 ambitu
1495 234 1664 275 lanceo-

244 304 343 345 latis
375 317 481 356 vage
513 304 726 345 laciniatis
757 309 833 344 aut
863 303 1100 345 evidentius
1141 304 1341 357 pinnatis,
1373 304 1540 345 laciniis
1572 303 1664 356 pin-

245 372 361 413 nisve
393 372 550 412 sensim
581 372 624 412 in
645 371 829 413 formam
850 371 1137 413 lanceolatam
1168 372 1439 423 abeuntibus,
1472 371 1666 426 margine

245 440 520 482 denticulatis
549 440 703 481 ciliatis
742 445 817 481 aut
860 441 1014 494 pinnas
1060 454 1191 482 novas
1241 441 1560 495 generantibus.
1610 440 1665 482 N.

246 507 449 551 Davvetesvssi
481 508 618 551 Harv.
651 510 676 550 Z.
708 509 773 551 a?

396 577 507 619 Hab.
538 578 593 619 ad
625 592 722 620 oras
753 577 882 619 Novae
914 577 1129 620 Zelandiae
1160 578 1453 634 (Berggreiss).

223 658 437 703 specimina
460 657 500 691 in
516 657 667 703 Species
687 658 821 692 allatas
840 658 1098 701 Harveyanas‚
1118 657 1149 692 si
1168 658 1259 701 quid
1276 657 1400 702 video,
1419 659 1667 705 congruentia

132 727 177 749 ex
205 716 336 750 eodem
361 715 444 750 loco
470 714 589 749 natali
607 715 770 760 plurima
788 714 917 758 habui,
937 726 1019 758 quae
1038 714 1093 749 ita
1110 715 1230 749 forma
1248 715 1399 750 variant
1417 719 1458 750 ut
1476 717 1523 751 ad
1542 720 1665 751 certas

131 772 312 816 quasdam
340 771 486 816 species
525 775 588 806 aut
626 771 832 806 varietates
870 771 934 806 vix
971 771 1192 806 referendas
1226 783 1309 817 esse
1334 776 1521 817 putarem.
1572 773 1668 808 Sunt

130 840 231 863 nunc
256 828 403 864 minora
429 832 467 863 et
493 828 719 863 densissime
744 828 916 874 pinnata,
944 829 1093 872 qualem
1122 829 1167 864 N.
1187 829 1384 874 pinnatam
1415 830 1541 874 pinxit
1572 831 1666 865 Har—

130 898 214 931 vey,
241 898 340 921 nunc
365 886 517 931 pedalia
542 889 581 920 et
605 886 718 929 ultra,
745 885 867 931 magis
895 897 989 932 vage
1015 886 1196 921 laciniata
1219 887 1370 922 laciniis
1404 899 1505 934 saepe
1537 889 1666 933 plures

129 943 288 989 pollices
315 943 416 978 latis.
467 943 707 979 Conveniunt
733 943 858 977 omnia
882 943 1015 978 fronde
1043 955 1151 987 quam
1191 943 1353 978 maxime
1391 945 1605 990 gelatinosa
1629 950 1668 982 et

129 1001 185 1035 ita
210 1000 390 1035 facillime
432 1001 632 1044 dissoluta,
659 1003 701 1035 ut
726 1001 800 1035 nisi
839 1012 953 1046 supra
990 1001 1161 1035 chartam
1201 1013 1368 1047 expansa
1405 1002 1535 1037 statim
1572 1015 1668 1047 aqua

131 1058 331 1103 liberatur,
370 1062 483 1093 antea
520 1059 753 1093 dissolvatur
790 1070 900 1102 quam
927 1059 1119 1093 exsiccata
1145 1059 1224 1094 fiat.
1276 1060 1385 1095 Color
1410 1060 1489 1095 fere
1516 1062 1667 1106 sangui-

130 1127 236 1150 neus.
287 1116 384 1150 Tota
409 1116 483 1150 filis
510 1115 679 1150 elasticis
707 1116 1076 1151 anastoniosantibus
1104 1119 1299 1161 contexta,
1327 1117 1424 1152 areis
1451 1118 1603 1153 reticuli
1628 1118 1667 1153 in

132 1173 257 1208 media
282 1173 414 1208 fronde
440 1173 695 1220 longioribus,
729 1174 965 1219 superficiem
1004 1186 1136 1208 versus
1174 1178 1373 1220 utramque
1410 1176 1666 1221 brevioribus;

133 1231 206 1266 filis
234 1230 476 1267 corticalibus
502 1230 733 1265 fasciculatis
768 1231 938 1276 gelatina
963 1231 1098 1266 laxiori
1125 1234 1272 1266 tantum
1299 1232 1490 1268 cohibitis.
1541 1234 1669 1278 Sphae-

132 1301 309 1334 rosporas
348 1289 545 1334 elongatas
582 1288 685 1323 inter
722 1288 785 1322 fila
822 1288 1021 1323 verticalia
1059 1300 1208 1334 sparsas
1249 1292 1292 1334 et*
1331 1290 1569 1335 cystocarpia
1605 1291 1667 1325 de-

134 1346 278 1392 scripta
304 1346 463 1381 Generis
491 1345 581 1380 vidi.

134 1465 209 1507 III.
245 1464 651 1506 CHONDROPHYLLUM.
689 1464 859 1507 Fronde
890 1463 1412 1508 car)aoso-membramaceca
1429 1479 1669 1518 pmpureo—

246 1535 469 1576 virescente
507 1532 1044 1586 decomeposito-dc'chotoma
1076 1533 1244 1585 lineari,
1281 1534 1670 1589 prolcficationibus

249 1602 499 1644 lateralibus
529 1615 640 1643 ‘nunc
669 1602 895 1651 instructa,
931 1603 1212 1654 eystocarpz'z's
1244 1603 1288 1643 in
1317 1602 1454 1644 medio
1485 1615 1668 1655 seymeoz-

248 1674 384 1712 torum
414 1670 481 1712 hic
510 1670 600 1711 illic
631 1670 889 1723 ayssreyatis.

135 1776 172 1815 4.
205 1774 280 1816 GR.
312 1787 552 1815 DicHo'FOMA
582 1773 649 1828 (J.
683 1772 765 1826 Ay.
798 1772 896 1827 Aly.
917 1774 1023 1815 med.
1037 1787 1084 1826 p.
1110 1773 1210 1828 103)
1232 1772 1384 1815 fronde
1406 1787 1669 1826 compresso-

247 1843 379 1897 plana
410 1842 565 1884 lineari
596 1842 1101 1895 dichotomo-fastigiata,
1134 1841 1452 1895 segmentisque
1473 1841 1669 1895 pluribus

248 1911 560 1964 adproximatis
592 1910 871 1964 subdigitata,
905 1923 931 1950 a
962 1910 1078 1951 disco
1110 1913 1152 1950 et
1183 1910 1375 1963 margine
1405 1923 1515 1963 saepe
1536 1909 1669 1963 proli-

247 1979 353 2029 fera,
386 1979 619 2033 segmentis
650 1979 898 2032 patentibus
930 1978 1181 2029 linearibus,
1213 1978 1513 2020 terminalibus
1544 1978 1670 2032 longe

249 2048 496 2097 attenuatis
542 2048 819 2102 cystocarpiis
850 2047 893 2088 in
932 2046 1073 2088 medio
1121 2050 1439 2100 segmentorum
1484 2047 1672 2100 penulti-

248 2131 417 2158 morum
448 2117 708 2170 aggregatis.
741 2116 786 2158 J.
819 2115 899 2169 Ay.
935 2115 1006 2168 Sp.
1029 2129 1077 2168 p.
1112 2106 1202 2156 178.
1237 2114 1368 2157 chtz.
1417 2116 1498 2157 tab.
1542 2116 1671 2169 Phyc.

261 2185 348 2227 Vol.
385 2184 549 2227 XVII.
583 2185 665 2226 tab.
697 2185 761 2225 28.

250 2254 299 2295 In
330 2253 648 2295 mediterraneo
680 2256 722 2294 et
752 2252 960 2294 atlantico
992 2252 1196 2294 calidiore
1227 2252 1282 2294 ad
1312 2252 1464 2294 littora
1484 2253 1670 2307 Europae

403 2326 446 2364 et
477 2323 640 2364 insulas
671 2321 805 2363 Indiae
838 2321 1126 2363 occidentalis.

226 2404 286 2437 An
313 2403 358 2437 ad
385 2403 542 2437 formam
568 2402 679 2447 hujus
706 2402 925 2446 proliferam
950 2401 1143 2446 pertineat
1174 2401 1239 2437 Gr.
1266 2402 1429 2447 neylecta
1456 2401 1572 2436 Katz.
1600 2403 1670 2437 tab.

138 2461 251 2505 Phyc.
285 2459 363 2494 Vol.
393 2459 520 2493 XVII
542 2459 612 2494 tab.
639 2459 701 2493 27?
753 2459 842 2503 Quae
868 2446 1021 2493 nomine
1048 2458 1111 2492 Gr.
1139 2458 1365 2494 dichotomae
1392 2460 1437 2494 ab
1462 2459 1671 2495 Ardissone

138 2518 241 2562 (Azy.
270 2517 417 2551 Italion.
441 2529 478 2561 Ρ.
506 2518 572 2551 169
598 2517 667 2551 tab.
702 2516 784 2562 VI.)
812 2519 1054 2550 enumeratur
1081 2518 1118 2550 ct
1145 2528 1228 2550 cuni
1255 2516 1316 2551 Gr.
1345 2516 1542 2551 Cosentini
1566 2517 1670 2551 iden-

138 2576 214 2610 tica
240 2575 517 2617 consideratur,
544 2587 564 2608 a
589 2577 720 2609 nostra
747 2574 873 2619 specie
901 2573 1089 2608 diversam
1117 2585 1200 2608 esse
1220 2574 1403 2618 suspicor.
1439 2573 1670 2617 Quicumque

138 2634 237 2668 enim
265 2633 343 2667 sint
379 2632 602 2667 variationis
640 2632 795 2675 limites,
835 2631 898 2665 vix
936 2631 999 2665 Gr.
1039 2631 1292 2666 dichotomam
1316 2631 1355 2665 in
1384 2631 1447 2665 Gr.
1476 2630 1670 2665 Cosentini

139 2690 243 2725 abire
269 2701 380 2734 posse
405 2692 592 2734 putarem.

141 2772 176 2811 5.
210 2770 286 2811 GR.
322 2783 581 2810 SPATHULATA
613 2768 680 2823 (J.
713 2770 793 2821 Ay.
829 2769 900 2821 Sp.
924 2782 970 2820 p.
1007 2769 1106 2823 179)
1152 2767 1303 2809 fronde
1348 2767 1479 2820 plana
1519 2767 1671 2808 lineari

253 2838 744 2892 dichotomo-fastigiata
783 2837 1099 2891 segmentisque
1130 2837 1327 2890 pluribus
1358 2835 1670 2888 adproximatis
