1762 3036
74 113 299 156 Gedsom'a.
722 112 956 154 CFRAMIFAE.
1559 115 1610 155 87

77 227 112 267 7.
146 224 216 266 CR.
246 225 525 266 AGARDHIANA
563 224 723 280 (chv.
760 226 808 267 in
851 224 1008 266 Tra-ns.
1049 225 1170 268 Irish
1209 226 1345 269 Acad.
1396 225 1482 268 Vol.
1523 228 1546 267 2
1570 241 1617 280 p.

187 294 289 349 545)
319 292 471 334 fronde
503 294 832 336 subdichotoma
861 294 1081 348 ramisque
1113 295 1442 338 horizontaliter
1473 295 1615 348 pullu-

185 362 377 404 lantibus
409 363 950 405 sub-divaricato-ramosa
980 367 1023 405 et
1053 364 1108 405 ad
1147 364 1347 418 genicula
1385 363 1616 406 verticilla-

186 432 264 472 tim
309 431 556 483 ramellosa,
602 433 767 474 inferne
813 432 986 474 demum
1018 433 1252 484 denudata,
1300 448 1485 488 superne
1517 434 1618 475 sub-

187 501 418 554 spongiosa
448 501 759 542 verne-illorum
790 500 981 542 ramellis
1027 500 1365 556 divergentibus,
1403 501 1620 542 interiori-

188 568 270 610 bus
310 569 525 610 arcuatim
556 582 583 610 a
612 568 819 610 verticillo
865 568 921 609 ad
968 569 1225 610 verticillum
1273 574 1316 612 et
1346 583 1372 610 a
1401 583 1522 611 ramo
1568 569 1623 610 ad

186 649 358 677 ramum
388 635 558 678 reflexis
591 641 633 678 et
664 636 844 678 invicem
876 638 1072 678 connatis
1105 641 1229 680 extra
1266 638 1431 679 frondis
1470 638 1623 679 tubum

190 705 411 747 evidenter
443 706 697 748 corticatum
728 709 820 747 rete
852 706 1106 748 intricatum
1137 706 1440 757 formantibus,
1465 708 1622 749 exteri-

186 774 332 817 oribus
363 774 509 816 liberis
540 774 831 828 rigidiusculis
854 789 1003 817 versus
1025 775 1168 829 apices
1190 776 1418 829 conspicue
1443 780 1615 817 attenu-

189 843 286 891 atis,
335 843 530 884 articulis
586 843 864 885 ramellorum
910 844 1068 886 crassis
1114 844 1327 886 diametro
1373 845 1441 886 vix
1488 844 1619 898 duplo

188 911 467 966 longioribus.
501 911 638 954 Ham
675 912 804 965 Plzsyc.
839 916 973 955 aet-str.
1005 913 1087 954 tab.
1121 914 1215 954 256.

340 980 408 1021 Ad
439 993 536 1021 oras
568 980 857 1022 occidentales
890 981 1017 1022 Novae
1051 980 1309 1022 Hollandiae.

77 1072 114 1113 8.
147 1071 217 1113 CR.
250 1084 428 1112 msrems
459 1070 618 1122 (Ham).
652 1070 750 1123 Aly.
786 1071 935 1112 Ausir.
970 1085 1056 1113 crs.
1088 1085 1159 1113 ππ)
1191 1072 1306 1127 488.)
1345 1071 1497 1114 fronde
1530 1086 1622 1114 sur—

193 1154 287 1181 sum
319 1143 548 1181 attenuata
592 1140 901 1194 pyrainidatim
947 1140 1446 1194 decomposito-ramosa,
1494 1141 1624 1182 ramis

191 1208 453 1262 patentibus,
486 1212 528 1249 et
559 1209 615 1249 ad
646 1209 846 1262 genicula
877 1208 1170 1251 verticillatim
1192 1209 1436 1261 ramellosa,
1458 1210 1623 1251 inferne

187 1277 376 1319 verrucis
397 1276 650 1330 prominulis
672 1277 1078 1327 nodoso-annulata,
1111 1278 1231 1331 apice
1263 1277 1614 1320 subconfluenter

193 1347 434 1400 spongiosa,
466 1346 776 1388 verticillorum
813 1346 1005 1387 ramellis
1038 1346 1375 1399 divergentibus,
1408 1346 1623 1388 interiori—

192 1418 272 1457 bus
304 1416 517 1457 arcuatim
549 1429 574 1456 a
606 1415 815 1457 verticillo
861 1416 915 1457 ad
962 1416 1221 1457 verticillum
1267 1420 1308 1457 et
1346 1430 1371 1457 a
1402 1430 1522 1457 ramo
1567 1415 1622 1456 ad

190 1497 361 1525 ramum
392 1483 562 1526 reflexis
595 1487 636 1525 et
666 1484 847 1525 invicem
878 1485 1074 1526 connatis
1112 1488 1236 1526 extra
1273 1484 1438 1526 frondis
1470 1484 1623 1526 tubum

193 1553 412 1595 evidenter
444 1554 697 1607 corticatum
730 1558 821 1595 rete
852 1554 1101 1595 intricatum
1132 1554 1434 1605 formantibus,
1467 1553 1622 1595 exteri-

193 1622 340 1664 oribus
372 1621 520 1663 liberis
551 1622 845 1676 rigidiusculis
883 1637 1031 1664 versus
1071 1624 1214 1676 apices
1249 1623 1477 1677 conspicue
1513 1625 1622 1663 atte-

193 1691 349 1741 nuatis,
383 1690 578 1732 articulis
608 1691 891 1732 ramellorum
922 1692 1080 1733 crassis
1127 1691 1339 1733 diametro
1386 1692 1454 1733 vix
1493 1689 1623 1743 duplo

188 1759 468 1812 longioribus.
502 1758 640 1801 Πανὶ).
675 1759 742 1801 Μ.
777 1763 900 1801 tasm.
932 1760 1014 1801 tab.
1050 1761 1139 1801 193.
1174 1759 1230 1801 B.

240 1827 305 1868 Ad
338 1827 615 1869 Tasmaniam
647 1832 689 1869 et
720 1827 885 1870 Novam
917 1828 1195 1870 Hollandiam
1227 1827 1475 1869 australem.

77 2042 142 2092 X?
180 2043 437 2093 GULSONIA
475 2052 611 2095 Ham).
658 2054 700 2094 in
748 2052 862 2093 Arm.
912 2051 1014 2093 Nat.
1063 2051 1178 2093 Hm.
1221 2050 1324 2093 XV.
1348 2065 1395 2104 p.
1427 2051 1519 2092 334.
1556 2049 1624 2094 Fl.

194 2122 339 2164 Tasm.
362 2136 410 2175 p.
443 2121 537 2162 320.

78 2238 214 2280 Frons
245 2236 527 2279 teretiuscula
557 2235 951 2277 nodoso-annulata
995 2235 1237 2288 gelatinosa
1277 2249 1622 2289 ‹ipioquoversum

191 2319 375 2357 ramosa,
407 2305 478 2347 axi
508 2304 677 2358 filisque
708 2304 1039 2346 investientibus
1071 2308 1258 2345 stratum
1290 2304 1623 2345 subcontinuum

191 2373 508 2428 periphericum
539 2372 829 2414 formantibus
852 2373 1105 2418 constituta:
1140 2373 1232 2414 axis
1264 2372 1368 2414 tubo
1392 2372 1627 2413 articulato

192 2441 516 2495 monosiphonio
547 2440 630 2482 filis
660 2440 1050 2493 longitudinalibus
1090 2441 1228 2482 cincto
1269 2444 1510 2490 contextus,
1550 2440 1624 2494 fila

191 2510 464 2565 peripherica
493 2524 519 2551 a
551 2510 656 2552 tubo
688 2509 872 2551 centrali
904 2509 1182 2564 egredientia,
1216 2509 1387 2551 demum
1410 2509 1526 2550 nullo
1549 2523 1617 2550 or-

193 2579 292 2621 dine
313 2579 540 2632 conspicuo
562 2578 829 2629 densissima,
849 2577 1351 2629 dichotomo-fastigiata,
1377 2592 1499 2618 muco
1517 2576 1623 2631 hya-

192 2647 285 2689 lino
310 2646 499 2688 firmiore
530 2646 709 2688 inclusa.
743 2646 928 2687 Fructus
961 2679 967 2686 .
1002 2679 1009 2686 .
1044 2679 1051 2686 .
1085 2679 1092 2686 .

194 2764 360 2806 Plantae
392 2762 623 2805 admodum
656 2763 868 2818 singulari
899 2763 1045 2805 Genus
1079 2763 1144 2804 sui
1170 2763 1280 2816 juris
1303 2763 1490 2804 instituit
1511 2762 1622 2804 Har-

82 2847 170 2888 vey,
217 2831 331 2886 quod
377 2834 534 2883 tamen,
579 2831 723 2873 fructu
768 2832 926 2885 ignoto,
981 2830 1190 2872 affinitate
1242 2830 1416 2872 dubium
1462 2835 1621 2873 manet.
