1757 3114
76 111 392 168 Glcrysymema.
659 117 1043 159 RHODYMENIAOEAE.
1529 116 1608 155 325

73 240 177 276 dubii
203 241 328 286 attuli,
354 253 445 286 quas
473 242 625 288 cognita
652 243 739 277 Chr.
766 243 928 277 obovata
952 241 1077 286 potius
1097 241 1144 275 ad
1163 240 1260 275 lianc
1279 239 1474 285 pertinere
1495 239 1607 273 hodie

70 301 255 342 putarem.
306 299 451 334 Sonder
478 303 516 334 et
540 300 690 345 Harvey
716 299 950 335 Rhabdoniae
978 300 1143 344 speciem
1171 311 1190 333 a
1215 310 1274 333 me
1301 297 1532 341 descriptam
1561 296 1608 330 ad

72 354 158 389 Chr.
197 357 395 392 obovatam
427 359 560 392 contra
597 358 826 391 retulerunt.
878 356 1046 400 Utraque
1088 357 1213 400 specie
1252 356 1402 390 demum
1439 353 1606 399 cognita,

69 413 219 458 Harvey
245 414 329 459 (sub
357 415 434 449 tab.
474 415 539 448 129
576 413 817 459 Phycologiae
855 413 1050 457 australis)
1091 412 1349 457 synonymiam
1389 410 1604 446 extricavit.

68 469 328 515 Areschougia
354 470 528 505 sedoides
554 471 685 515 Harv.‚
726 482 808 514 quae
836 481 882 504 an
919 481 1003 503 cum
1041 470 1197 514 Erythr.
1236 469 1402 514 pyrifero
1438 467 1607 502 identica

70 525 135 569 sit,
154 526 320 560 nondum
346 526 481 571 liquet,
508 530 566 562 est
592 527 709 562 tertia
735 527 879 572 species
907 527 1075 571 ejusdem
1101 527 1266 561 habitus.
1303 526 1481 570 Quartam
1500 523 1605 558 doni-

67 593 151 626 que,
177 582 327 627 longius
355 583 508 627 quidem
533 587 732 628 remotam,
752 584 974 628 Caulerpam
993 582 1205 626 Cactoides‚
1225 594 1311 617 cum
1332 582 1419 616 Chr.
1444 582 1605 616 obovata

66 640 155 675 olim
180 653 327 686 quoque
352 642 546 677 confusam
571 643 701 688 fuisse,
728 643 800 678 alio
826 643 908 678 loco
933 642 1073 677 monui.

381 724 428 767 V.
463 725 630 779 Species
660 727 801 779 quoad
831 725 976 768 Genus
1007 725 1112 767 mihi
1143 725 1293 767 dubice.

66 804 128 845 14.
160 801 261 845 CHR.
294 803 633 848 ENTEROMORPHA
664 806 820 859 (Hccrv.
852 810 951 849 Ner.
985 793 1091 848 Bor.
1124 805 1223 847 Am.
1246 819 1293 858 2).
1318 805 1419 860 187)
1450 803 1602 846 fronde

179 873 428 915 tenuissime
486 876 814 917 membranacea
871 875 1077 918 tubulosa
1127 873 1600 927 clavato-cylindracea,

175 941 563 995 prolificationibus
595 943 885 986 conformibus
908 944 1003 985 basi
1025 943 1268 984 constrictis
1290 941 1600 994 decomposito-

180 1024 362 1062 ramosa,
395 1012 695 1054 terminalibus
729 1011 1033 1054 obtusiusculis
1067 1025 1178 1065 saepe
1210 1010 1340 1064 paulo
1372 1010 1486 1051 infra
1508 1010 1599 1063 api-

174 1092 266 1121 cem
297 1081 541 1133 angustatis
574 1084 616 1122 et
647 1081 770 1135 quasi
802 1080 971 1134 apiculo
1003 1081 1157 1122 obtuso
1188 1079 1443 1121 terminatis.

326 1149 435 1190 Hab.
468 1149 523 1189 ad
554 1149 785 1199 Floridam,
820 1149 1007 1204 Harvey!

147 1217 268 1252 Frons
290 1216 471 1261 juvenilis
498 1217 576 1252 fere
604 1217 714 1253 unico
735 1221 855 1253 strato
874 1218 1097 1252 cellularum
1116 1217 1410 1263 hexagonalium
1430 1218 1596 1255 constat:

56 1275 115 1309 hae
140 1274 180 1308 in
205 1274 329 1309 medio
365 1274 587 1310 incrassatae
625 1275 751 1318 nudae,
778 1275 1037 1318 circumcirca,
1063 1275 1128 1309 ubi
1156 1286 1239 1309 cum
1264 1273 1448 1319 proximis
1475 1273 1597 1307 cohae-

57 1334 156 1375 rent,
183 1334 405 1376 contractae,
432 1335 470 1366 et
496 1333 541 1366 ad
568 1332 710 1367 limites
738 1333 887 1367 cellulis
915 1333 1159 1367 corticalibus
1188 1331 1441 1377 sparsioribus
1461 1334 1597 1376 tegun-

57 1391 134 1430 tur3
160 1388 326 1423 adultior
351 1389 454 1424 frons
481 1390 583 1434 gerit
618 1393 779 1425 stratum
817 1391 996 1425 corticale
1034 1390 1243 1435 proprium,
1282 1389 1431 1423 cellulis
1469 1400 1596 1423 mono-

57 1446 286 1481 stromaticis
313 1446 375 1481 vix
403 1447 650 1483 verticalibus
678 1451 910 1483 contextum.
963 1448 1119 1483 Cellulae
1152 1447 1355 1482 interiores
1382 1458 1531 1493 magnae
1559 1450 1597 1481 ct

55 1503 264 1548 hexagona>
292 1515 438 1548 quoque
466 1505 882 1540 submonostromaticae
915 1508 1084 1549 manent,
1123 1508 1161 1539 at
1198 1504 1408 1539 introrsum
1445 1503 1594 1538 cellulis

57 1558 266 1595 minoribus
294 1560 525 1605 limitantur,
553 1574 635 1606 quae
662 1562 786 1607 ipsum
812 1563 943 1597 tubum
976 1562 1198 1597 interiorem
1225 1562 1407 1607 proximae
1436 1562 1593 1596 circum-

55 1616 161 1651 dant.
196 1617 359 1652 Dubium
386 1619 479 1653 mihi
505 1620 659 1654 videtur
685 1632 732 1654 an
759 1623 839 1655 haec
867 1620 1012 1665 species
1040 1620 1166 1655 forsan
1192 1620 1367 1665 proprius
1395 1621 1595 1655 accederet

55 1675 101 1709 ad
132 1675 287 1718 formas,
326 1688 408 1720 quae
447 1677 560 1712 hodie
599 1677 852 1722 Chylocladiae
892 1679 1038 1723 species
1075 1679 1379 1713 considerantur.
1429 1679 1592 1713 Fructus

53 1732 177 1766 nullos
205 1732 296 1766 vidi.
324 1753 367 1757 —
394 1733 431 1768 Si
458 1733 623 1779 speciem
650 1735 861 1780 legitimam
889 1735 1173 1780 Chrysymeniae
1200 1736 1345 1769 fructus
1366 1735 1509 1769 detecti
1528 1735 1591 1770 de-

51 1792 323 1834 monstrarent,
352 1790 497 1834 species
524 1791 607 1826 haec
633 1792 842 1826 sectionem
870 1792 942 1827 sibi
968 1792 1159 1838 propriam
1186 1792 1264 1826 fere
1290 1793 1515 1838 postularet.

54 1870 115 1911 15.
147 1867 248 1910 CHR.
282 1883 568 1912 POLYDACTYLA
600 1871 759 1926 (Hoolc.
791 1877 828 1914 et
863 1872 921 1914 H.
957 1873 1026 1914 Fl.
1062 1873 1169 1915 Nov.
1203 1873 1289 1915 Zel.
1312 1888 1361 1926 p.
1393 1873 1474 1914 253
1506 1875 1588 1915 tab.

167 1940 245 1980 119
278 1937 355 1994 A.)
387 1940 509 1981 caule
539 1941 819 1982 teretiusculo
852 1941 1136 1983 solidescente
1167 1941 1257 1983 fere
1288 1942 1588 1984 arboriformi—

160 2012 227 2050 ter
257 2023 439 2059 ramoso,
471 2023 655 2063 superne
687 2011 893 2052 ramentis
940 2010 1102 2053 inflatis
1148 2011 1587 2067 subulato-cylindra-

154 2078 249 2119 ¹ceis
281 2078 576 2131 subpinnatim
608 2080 760 2131 obsito,
792 2080 1006 2123 fructibus
1039 2115 1046 2123 .
1081 2115 1088 2122 .
1122 2115 1129 2122 .

313 2145 379 2187 Ad
410 2145 575 2188 Novam
606 2147 871 2190 Zelandiam.

137 2212 232 2247 Mihi
257 2213 410 2256 quidem
435 2213 516 2248 liaec
543 2214 656 2249 dubia
675 2215 958 2261 Chrysymeniae
978 2217 1123 2262 species
1142 2218 1277 2262 adhuc,
1295 2217 1421 2252 fructu
1439 2218 1585 2262 ignoto,

48 2270 325 2305 consideranda
358 2270 522 2305 videtur.
574 2272 700 2307 Caulis
740 2274 986 2319 solidesccns,
1025 2275 1098 2309 filis
1136 2275 1383 2311 interioribus
1421 2276 1584 2310 invicem

49 2326 250 2361 subliberis
277 2327 460 2371 repletus,
488 2328 614 2372 potins
640 2330 903 2365 Rliabdoniam
929 2331 1099 2366 indicare
1125 2332 1204 2366 fere
1224 2332 1484 2367 credidissem.
1513 2333 1583 2367 Ra-

46 2386 174 2418 menta
198 2384 277 2418 fere
303 2385 413 2420 unico
440 2388 560 2421 strato
586 2388 809 2422 cellularum
837 2411 877 2414 »-
903 2391 1035 2424 tubum
1063 2390 1378 2425 cirminidantium
1404 2395 1585 2426 contexta

46 2440 138 2474 mihi
163 2441 432 2485 adparuerunt.
484 2442 557 2477 Sed
582 2443 767 2479 fructibus
806 2446 948 2491 ignotis
987 2458 1116 2481 omnes
1155 2448 1200 2481 de
1227 2447 1408 2482 affinitate
1436 2449 1581 2493 conjec-

47 2499 141 2532 turae
168 2509 286 2532 vanae.

578 2570 744 2624 Species
778 2573 1049 2625 inquirende&

46 2644 146 2689 CHR.
178 2662 365 2690 LINEARIs
397 2649 571 2693 Arde'ss.
607 2653 772 2696 florid.
815 2654 918 2696 Ital.
964 2654 1051 2696 Vol.
1086 2655 1147 2696 II
1176 2657 1282 2708 1.]1.
1314 2658 1366 2697 (38
1399 2658 1480 2699 tab.
1515 2659 1578 2699 14.

46 2713 146 2756 CHR.
178 2730 525 2759 FLAGELLmonnis
559 2719 736 2763 Ardiss.
767 2722 863 2764 ibon.

47 2780 146 2824 CHR.
178 2782 418 2826 CHIAJEANA
439 2786 654 2841 (Mencqh.
677 2791 724 2832 in
749 2790 868 2832 Ρανῑ.
895 2791 932 2832 Ι.
946 2805 992 2843 p.
1018 2791 1130 2846 296).
1163 2792 1338 2835 Ardc’ss.
1371 2794 1456 2836 ihm
1476 2795 1515 2837 I.
1528 2809 1576 2848 p.

157 2852 208 2892 26
240 2853 321 2894 tab.
357 2853 413 2895 X.
