1757 3114
74 113 351 155 Plocamiwn.
646 112 767 154 RHOD
774 125 1028 153 YMENIACEAE.
1507 114 1585 155 :345

67 238 170 269 01·es;
196 227 236 260 in
260 226 379 261 forma
405 226 552 270 vulgari
579 226 694 261 Novae
720 224 933 260 Hollandiae
960 223 1085 258 rachis
1105 224 1242 259 eximie
1261 224 1397 259 stricta
1415 227 1454 259 et
1470 225 1597 269 pinnae

67 284 340 317 erectiusculae.
393 283 636 327 Cystimarpia
663 282 810 317 sessilia
843 284 881 316 et
905 281 944 315 in
970 281 1089 316 forma
1113 282 1229 317 Novae
1256 282 1468 317 Hollandiae
1497 286 1534 316 et
1559 283 1598 316 in

65 339 121 374 Pl.
150 340 442 386 Cunninghamii
480 341 575 379 vidi:
615 340 860 386 sporophylla
895 340 991 375 bene
1030 340 1182 374 evoluta
1219 343 1367 375 tantum
1405 340 1443 374 in
1480 340 1599 375 forma

64 397 181 431 Novae
205 396 432 431 Hollandiae.

65 526 130 547 Η*
165 525 336 567 Fronde
356 525 541 579 juvenili
571 525 901 576 membranacea,
932 523 1140 566 adultiora
1186 526 1346 567 sensim
1391 524 1598 566 subeam-

177 595 360 648 lagymea,
392 594 560 648 inferne
590 609 640 636 ex
671 595 788 636 tereti
819 607 1061 646 compressa
1092 594 1288 645 (sectione
1319 593 1600 636 transversam

176 664 442 717 ellipsoidea)
464 665 608 717 pinna
640 665 787 718 infima
825 663 1077 715 laciniisquc
1115 664 1348 716 superioris
1387 662 1599 705 submotis

176 733 550 797 subintegyermfmz's.
586 731 589 735 '

65 840 126 880 16.
158 838 228 879 PL.
260 850 431 879 GRACIJAE
463 836 526 888 (J.
557 837 639 890 Ags.
674 839 817 891 mser.)
848 836 1000 878 fronde
1041 835 1222 890 juvenili
1266 836 1597 877 membranacea

174 910 356 960 anguste
401 905 566 957 lineari,
613 905 827 947 adultiore
871 904 1036 946 inferne
1082 918 1133 946 ex
1178 905 1306 945 tereti
1338 918 1594 957 compressa,

174 978 267 1017 tota
296 973 436 1017 laxius
466 974 901 1028 pectinato-pinnata,
933 973 1075 1027 pinnis
1108 972 1274 1014 alterne
1306 973 1500 1026 geminis,
1534 973 1596 1013 in-

174 1044 330 1085 feriore
360 1042 614 1096 laciniisque
646 1043 879 1096 superioris
911 1057 937 1083 a
968 1042 1062 1084 basi
1092 1056 1247 1095 parum
1278 1041 1433 1083 latiore
1465 1041 1596 1082 subu-

174 1111 274 1152 latis
305 1111 579 1152 latitudinem
611 1110 800 1152 rachidis
831 1124 909 1152 sua
940 1109 1208 1164 longitudine
1239 1110 1439 1164 multiplo
1470 1123 1597 1163 supe-

175 1179 385 1228 rantibus,
433 1179 718 1234 sporophyllis
764 1179 819 1221 ad
865 1179 1066 1233 pinnulas
1111 1179 1297 1221 minores
1344 1179 1598 1221 subseriatis

176 1247 428 1289 flabellatim
473 1248 757 1299 radiantibus,
791 1247 973 1301 singulis
1019 1247 1285 1301 simplicibus
1330 1247 1597 1302 pedicellatis

174 1317 438 1358 lanceolatis.
474 1316 588 1358 Ploc.
620 1321 894 1371 ccnq‘zcstatum
929 1318 1058 1359 Iside.
1090 1318 1172 1360 tab.
1199 1318 1325 1372 Phyc.
1361 1318 1447 1361 Vol.
1475 1317 1604 1360 XVI

175 1385 257 1427 tab.
290 1386 355 1427 48.

327 1454 393 1495 Ad
424 1454 713 1496 Tasmaniam.

150 1533 256 1567 Inter
281 1533 337 1568 Pl.
364 1537 567 1579 angustum
595 1538 633 1568 et
659 1534 714 1568 Pl.
748 1534 988 1578 eruciferum,
1015 1536 1125 1578 quale
1162 1535 1232 1569 hoc
1258 1534 1448 1579 intelligo,
1474 1536 1597 1579 quoad

59 1590 217 1624 formam
243 1590 388 1624 frondis
416 1591 703 1633 interniedium;
743 1592 926 1636 adspectu
962 1592 1164 1637 graciliore
1191 1603 1211 1625 a
1236 1592 1292 1626 Pl.
1320 1595 1482 1637 angusto
1508 1592 1596 1627 faei-

59 1647 132 1682 lius
159 1648 475 1693 dignoscendum,
505 1650 759 1694 sporophyllis
788 1651 833 1685 ab
870 1653 1031 1694 utroque
1069 1650 1276 1685 diversum.
1326 1650 1471 1685 Nomen
1502 1651 1596 1685 Kut-

60 1704 190 1750 zingii,
217 1706 308 1739 cumv
338 1705 394 1738 Pl.
434 1709 597 1752 angusto
634 1706 790 1740 nimium
827 1719 1047 1750 consonum,
1086 1707 1306 1741 evitandum
1342 1708 1490 1752 putavi:
1529 1721 1598 1742 nec

60 1765 186 1797 certus
214 1775 294 1797 sum
321 1775 425 1797 suam
451 1764 620 1808 plantam
647 1777 731 1798 cum
757 1768 889 1799 nostra
914 1764 1119 1799 identicani
1147 1776 1246 1803 esse:
1275 1776 1378 1798 suam
1399 1765 1497 1798 enim
1517 1766 1595 1800 fere

60 1831 166 1863 aeque
191 1821 288 1855 bene
316 1820 355 1854 in
382 1821 578 1865 sequentis
605 1822 763 1856 formam
784 1821 995 1866 juvenilem
1022 1822 1222 1866 quadrare,
1249 1823 1374 1857 dicere
1400 1822 1454 1856 fas
1482 1826 1552 1857 est.

62 1913 125 1953 17.
159 1898 229 1953 T'L.
262 1925 519 1953 CRUCIFERUM
551 1912 708 1965 (Hm-v.
759 1915 801 1954 in
848 1913 919 1954 Fl.
970 1913 1075 1955 Nov.
1123 1913 1211 1955 ch.
1232 1927 1281 1967 2⁹·
1314 1914 1413 1966 246)
1445 1913 1597 1956 fronde

167 1980 347 2035 juvenili
380 1981 711 2023 membranacea
742 1986 924 2035 anguste
969 1981 1136 2033 lineari,
1184 1982 1399 2024 adultiore
1430 1982 1596 2024 inferne

172 2064 223 2091 ex
255 2050 380 2091 tereti
425 2064 672 2104 compressa
718 2051 1097 2105 subcartilaginea,
1145 2054 1237 2093 tota
1273 2051 1362 2092 fere
1394 2051 1597 2103 filiformi,

173 2133 357 2172 superne
387 2119 561 2161 densius
592 2121 1023 2174 pectinato—pinnata,
1055 2120 1197 2173 pinnis
1229 2120 1394 2162 alterne
1417 2121 1596 2174 geminis

172 2187 237 2241 (in
269 2201 379 2241 spec.
411 2188 552 2229 luxur.
586 2202 697 2241 saepe
730 2189 945 2244 ternatis),
993 2188 1197 2230 inferiore
1241 2188 1495 2244 laciniisque
1527 2204 1595 2231 su-

171 2255 352 2308 perioris
385 2269 409 2296 a
439 2256 532 2298 basi
565 2270 719 2310 parum
750 2257 903 2298 latiore
947 2257 1172 2309 subulatis,
1220 2257 1494 2299 latitudinem
1526 2273 1596 2299 ra-

173 2324 310 2365 chidis
343 2338 421 2365 sua
451 2324 719 2378 longitudine
741 2325 940 2379 multiplo
964 2327 1283 2379 superantibus,
1308 2327 1596 2381 sporophyllis

172 2392 398 2434 fruticulos
432 2393 636 2435 axillares
669 2398 710 2435 et
732 2408 853 2435 secus
878 2395 1095 2448 margines
1119 2395 1301 2436 seriatos
1324 2395 1596 2437 brevissimos

172 2461 545 2511 constituentibus,
578 2461 769 2503 rainellis
800 2462 915 2504 infra
946 2463 1111 2515 apicem
1134 2476 1246 2517 saepe
1268 2463 1424 2504 trifidis
1457 2463 1595 2504 diver-

171 2530 372 2583 gentibus
405 2534 481 2570 aut
513 2530 810 2572 subcruciatis.

227 2599 337 2641 Hab.
371 2600 426 2640 ad
458 2599 620 2641 Novam
651 2601 900 2642 Zelandiam
933 2605 974 2642 et
1003 2601 1167 2642 insulas
1198 2599 1394 2642 Chatam.

154 2679 284 2723 Quoad
309 2679 466 2714 formam
493 2680 659 2724 partium
686 2681 930 2716 antecedenti
957 2681 1107 2724 similis,
1135 2683 1173 2714 at
1205 2680 1324 2714 multo
1358 2680 1511 2714 densius
1539 2693 1595 2714 ra-

61 2748 166 2771 mosa
192 2737 344 2781 (saltem
372 2736 410 2770 in
438 2739 539 2771 statu
565 2737 770 2781 adultiore)
799 2742 836 2773 et
862 2750 936 2773 non
964 2749 1048 2772 raro
1074 2737 1187 2771 ramis
1217 2737 1363 2770 alterne
1392 2737 1512 2772 ternis
1539 2738 1594 2772 in-

27 2794 32 2803 ‘
60 2796 215 2828 structa.
265 2795 499 2838 Harveyanae
527 2794 670 2838 plantae
690 2796 835 2829 nullum
855 2795 1047 2839 specimen
1074 2795 1163 2829 vidi.
1202 2793 1309 2838 Quod
1334 2793 1380 2827 de
1400 2805 1466 2828 sua
1483 2794 1595 2840 dixit,

46 2849 230 2885 >frondem
257 2863 341 2885 esse
367 2854 563 2896 eost-atam,
590 2852 628 2885 in
654 2855 823 2886 nostram
844 2852 944 2887 haud
969 2854 1066 2887 bene
1092 2852 1271 2896 quadrat;
1298 2862 1369 2885 nec
1395 2851 1440 2886 de
1466 2852 1594 2897 pinnis
