1757 3114
126 103 206 145 650
781 97 1044 140 CHONDRIEAE.
1397 98 1651 142 Lauronem.

241 216 346 266 sitis,
379 215 615 257 minoribus
647 213 911 266 ramulisque
931 212 976 253 in
1004 211 1178 253 rachide
1208 212 1407 265 elongata
1438 211 1652 254 subflexu-

238 299 312 326 osa
344 282 647 336 subspiraliter
678 281 855 323 alternis
886 280 1197 334 patentissimis
1219 280 1652 330 subdiva1·icatis,1·a-

237 353 376 395 mellis
408 350 623 393 sterilibus
655 349 935 403 cylindraceis
974 348 1270 399 obtusissimis,
1304 348 1523 401 sporiferis
1554 362 1652 389 con-

239 421 447 462 formibus
479 419 593 460 infra
614 419 777 472 apicem
800 418 1120 471 spbaerosporas
1142 417 1186 458 in
1216 417 1395 459 fasciam
1422 418 1653 471 dispositas

237 489 498 544 gerentibus,
530 487 779 528 keramidiis
813 520 820 527 .
855 519 862 527 .
895 519 904 527 .
940 519 947 526 .

235 558 332 599 Hab
363 557 406 597 in
437 555 629 597 maribus
674 553 971 603 calidioribus3
1016 554 1061 594 in
1106 553 1215 594 mari
1260 554 1392 596 rubro
1423 559 1465 596 et
1495 568 1653 596 oceano

391 623 558 665 Indico!
592 622 810 664 simillima
841 619 896 663 ad
928 620 1028 675 Cap.
1051 622 1091 664 b.
1113 621 1211 675 Spei
1232 626 1273 664 et
1292 622 1415 665 littus
1436 623 1653 664 Americae.

127 732 189 772 13.
220 730 266 772 L.
298 741 560 771 DENDuoIDEA
590 727 657 782 (J.
690 727 770 782 Ay.
806 727 877 782 Sp.
908 741 948 782 p.
987 727 1082 780 753)
1127 741 1457 780 purpurascens,
1502 726 1654 768 fronde

237 798 364 840 tereti
409 810 753 851 quoquoversum
804 797 1191 849 pinnato-ramosa,
1245 797 1378 837 ramis
1421 797 1654 851 majoribus

238 866 526 920 suboppositis
556 866 812 919 patentibus,
845 864 1117 918 interspersis
1149 864 1339 905 ramellis
1371 878 1476 918 vage
1498 878 1654 906 exeun-

237 935 353 976 tibus
384 934 479 987 plus
510 934 650 974 minus
691 933 832 975 densis
879 933 1222 986 compositisque,
1269 933 1479 986 supremis
1525 932 1654 974 dense

237 1002 785 1058 paniculato-corymbosis‚
807 999 985 1041 ramulis
1008 1000 1559 1055 clavato·subcylindraceis
1580 1001 1655 1042 ob-

235 1071 356 1121 tusis,
390 1069 606 1111 fertilibus
640 1104 647 1111 .
681 1104 688 1110 .
723 1102 730 1110 .
763 1104 770 1111 .
807 1070 857 1110 L.
903 1069 1052 1111 obtusa
1096 1083 1185 1110 var.
1231 1069 1471 1123 majuscula
1519 1069 1655 1111 Harv.

236 1139 333 1192 Algs.
366 1141 499 1180 austr.
531 1151 615 1180 θεας.
647 1151 716 1180 nso
749 1138 841 1178 236.
878 1137 1005 1191 Plzyc.
1036 1141 1171 1179 austr.
1206 1137 1305 1191 Syn.
1336 1151 1407 1180 mo
1440 1138 1519 1179 309
1552 1138 1590 1180 b.

236 1220 344 1262 Hab.
376 1219 420 1260 in
450 1219 644 1261 maribus
675 1218 970 1270 calidioribus3
1010 1218 1053 1259 in
1084 1218 1289 1260 atlantico
1320 1219 1375 1260 ad
1406 1219 1654 1270 Brasiliam3

388 1287 444 1328 ad
475 1286 638 1329 Novam
678 1286 954 1328 Hollandiam
998 1287 1245 1329 calidiorem
1277 1291 1319 1329 et
1349 1287 1655 1329 occidentalem

387 1370 523 1410 usque
554 1355 608 1396 ad
641 1354 834 1397 Coream.

213 1436 426 1481 Speciniina
464 1435 716 1470 occidentalia
759 1436 803 1470 ab
854 1435 1103 1470 orientalibus
1148 1435 1386 1481 distinguere
1423 1448 1498 1470 non
1534 1437 1655 1471 valeo.

122 1494 211 1537 Quae
239 1505 257 1526 e
284 1494 390 1527 Nova
415 1492 618 1527 Hollandia
654 1492 733 1527 vidi
771 1495 858 1526 sunt
899 1492 1057 1536 majora:
1089 1493 1277 1536 juvenilia
1313 1493 1433 1538 magis
1472 1493 1657 1537 coccinea,

124 1550 313 1584 adultiora
339 1550 488 1583 deinum
515 1549 704 1583 sublivida
732 1552 770 1582 et
794 1549 905 1593 paulo
931 1549 1129 1593 rigidiora.
1179 1549 1330 1594 Species
1358 1550 1513 1584 ramulis
1538 1551 1656 1585 mino—

122 1606 226 1642 ribus
259 1606 360 1640 inter
397 1618 519 1641 ramos
557 1606 723 1649 undique
755 1605 1032 1650 pullulantibus
1059 1606 1165 1651 vagis
1205 1606 1342 1651 saepius
1369 1606 1656 1652 distingucnda3

122 1676 221 1699 nunc
248 1675 338 1699 vero
363 1663 498 1697 ramuli
524 1663 721 1707 pauciores
753 1674 886 1707 parum
920 1663 1128 1707 conspicui.
1179 1663 1257 1707 Qua
1282 1664 1433 1707 quidem
1459 1667 1548 1698 nota
1573 1676 1656 1698 cum

122 1722 294 1766 proxima
319 1721 361 1756 L.
388 1722 601 1766 glomerata
625 1720 829 1755 convenire
856 1720 1019 1755 videtur.
1068 1721 1127 1755 An
1153 1721 1265 1766 hujus
1291 1722 1410 1757 forma
1427 1722 1654 1767 gelatinosa:

123 1779 168 1814 L.
203 1779 399 1813 Viez'ZZardi
423 1778 537 1812 Kritz.
566 1778 636 1812 tab.
664 1778 777 1822 Phyc.
812 1777 889 1812 Vol.
918 1778 998 1812 XV
1020 1779 1091 1813 tab.
1116 1778 1185 1812 45?

125 1872 189 1912 14.
221 1870 268 1912 L.
301 1884 544 1911 GLOMERATA
576 1870 725 1924 (Suhr.
757 1872 903 1925 mser.)
933 1869 1066 1911 livida
1096 1871 1389 1924 rigidiuscula‚
1419 1871 1569 1913 fronde
1591 1876 1653 1913 te-

234 1939 317 1980 reti
349 1953 693 1993 quoquoversum
724 1940 1105 1993 pinnato-ramosa,
1138 1941 1270 1982 ramis
1300 1941 1530 1995 majoribus
1553 1942 1653 1983 sub-

237 2007 444 2059 oppositis
476 2008 738 2059 patentibus,
768 2008 1043 2060 interspersis
1064 2008 1252 2049 ramellis
1274 2022 1378 2062 vage
1401 2009 1654 2051 exeuntibus

235 2075 332 2128 plus
369 2075 508 2116 minus
548 2075 689 2116 densis
720 2076 1064 2129 compositisque,
1104 2077 1315 2129 supremis
1355 2076 1397 2116 in
1427 2090 1547 2118 ramo
1579 2078 1653 2119 ab·

236 2144 429 2185 breviato
475 2143 726 2185 densissime
774 2144 1312 2198 glomerato-corymbosis‚
1358 2145 1535 2186 ramulis
1567 2146 1653 2186 cla-

235 2213 718 2268 vato-subcylindraceis
751 2215 927 2266 obtusis,
950 2213 1163 2256 fertilibus
1194 2215 1565 2258 subconformibus
1595 2215 1654 2257 le-

236 2282 348 2322 niter
379 2281 595 2334 rugulosis
629 2314 636 2321 .
670 2314 678 2322 .
713 2315 720 2324 .
754 2316 761 2323 .
793 2281 839 2324 J.
872 2281 953 2335 Ay.
988 2281 1072 2334 Sp..
1096 2296 1144 2334 2).
1177 2283 1269 2324 753.

291 2350 400 2391 Hab.
431 2350 486 2390 ad
519 2349 640 2391 littus
672 2350 926 2391 atlanticum
958 2350 1162 2392 Americae
1195 2351 1425 2393 calidioris.

214 2441 467 2475 Antecedcnti
492 2441 619 2475 forsan
645 2441 805 2476 nimium
832 2441 964 2485 affinis,
990 2453 1073 2475 cum
1110 2442 1178 2476 hac
1215 2441 1370 2475 ramulis
1407 2441 1653 2487 interspersis

123 2500 260 2543 saepius
295 2498 552 2543 dignoscatur.
602 2500 751 2534 Ramuli
776 2499 815 2532 in
840 2499 898 2533 his
925 2500 1025 2533 vices
1051 2510 1185 2544 gerere
1212 2499 1389 2533 videntur
1414 2500 1653 2544 papillarum,

122 2568 203 2599 qua*
237 2556 276 2589 in
314 2555 449 2589 vicinis
488 2556 684 2599 speciebus
721 2555 940 2599 frequentes
979 2559 1078 2590 suut.
1127 2555 1223 2589 Hinc
1261 2558 1388 2589 notam
1426 2556 1653 2590 characteri-

123 2612 256 2646 sticani
294 2611 352 2645 liis
394 2612 590 2656 speciebus
630 2613 767 2646 sistere
803 2612 946 2657 putavi.
995 2612 1037 2646 L.
1065 2613 1288 2657 glomerata,
1314 2615 1355 2646 ut
1379 2613 1471 2646 mihi
1503 2613 1652 2658 cognita

122 2671 193 2711 cst,
219 2669 391 2703 frondem
428 2670 614 2705 minorem
652 2673 690 2704 et
726 2670 847 2715 magis
885 2669 1045 2714 rigidam
1082 2672 1231 2714 praebet
1267 2682 1377 2714 quam
1413 2671 1584 2714 proxima
1609 2671 1651 2705 L.

123 2725 371 2761 dendroidea:
397 2726 532 2759 ramuli
558 2729 739 2760 eaetcrum
765 2727 887 2760 adhuc
913 2726 1106 2760 densiores
1133 2726 1173 2760 in
1199 2726 1303 2771 apice
1329 2738 1528 2761 ramorum.

212 2782 307 2815 Huic
332 2782 503 2826 proxima
529 2783 620 2816 mihi
647 2783 798 2817 videtur
824 2784 955 2828 planta
980 2783 1026 2816 ad
1053 2783 1246 2817 Gibraltar
1282 2783 1380 2817 lecta
1410 2785 1475 2823 (an
1500 2783 1580 2817 haec
1607 2783 1651 2818 L.

122 2838 351 2874 caum-densis
378 2837 549 2884 Katz..?)‚
575 2839 729 2885 papillis
756 2839 857 2875 inter
882 2840 1045 2874 ramulos
1083 2840 1275 2885 oppositos
1301 2839 1379 2874 fere
1405 2840 1532 2874 nullis.
1581 2840 1651 2875 Ra-
