1757 3114
61 105 376 159 Coi-ynecladzssa.
697 106 961 147 CHONDRIE'AE.
1509 107 1589 148 643

58 219 249 260 tundatae
281 223 323 260 et
354 220 563 261 diametro
596 234 749 273 parum
786 219 1012 272 longiores,
1045 218 1193 271 paucis
1225 218 1416 260 seriebus
1448 219 1590 273 dispo-

58 288 162 328 sitae.
205 287 386 329 Extimae
419 289 805 331 inonostromaticae
839 288 1102 329 verticaliter
1134 287 1342 341 elongatae
1365 288 1589 341 adparent.

170 355 464 410 Pericarpium
498 358 645 399 stratis
677 357 845 398 duobus
876 360 1123 397 contextum
1156 356 1261 397 mihi
1293 356 1498 409 adparuit
1529 358 1592 411 (in

57 421 131 464 Ch.
163 424 367 478 clavata);
400 429 575 467 externo
613 426 778 467 cellulis
823 426 1059 467 minoribus
1105 425 1521 468 cubico-rotundatis
1552 431 1594 467 et

57 491 388 534 endochromate
420 493 609 536 colorato
641 494 961 547 dignosce11dis3
993 494 1196 535 interiore
1225 494 1390 535 cellulis
1422 494 1594 548 majori-

57 559 148 610 bus,
181 560 352 613 singula
382 561 579 614 pluribus
612 563 897 604 exterioribus
929 562 1225 615 respondente,
1259 577 1429 616 quoque
1451 563 1492 604 ni
1514 562 1594 603 fal-

58 626 122 668 lor
154 628 398 670 subcubicis
430 633 471 670 et
502 630 566 671 his
589 644 760 684 quoque
782 630 1255 672 submonostromaticis
1271 632 1326 686 >³).
1367 631 1485 672 Inter
1507 631 1593 672 cel-

55 694 167 736 lulas
199 697 439 749 interiores,
473 699 507 739 si
539 712 590 740 ex
621 699 771 751 planta
803 699 978 739 nimium
1010 712 1253 751 compressa
1270 700 1463 753 judicare
1483 700 1595 749 licet,

55 764 328 806 intercedunt
358 767 480 820 quasi
512 766 676 807 cellula}
708 766 930 808 filiformes
962 770 1343 818 anastoinosantes7
1374 782 1469 821 quae
1492 783 1596 822 quo-

58 833 285 875 dammodo
318 838 502 875 stratum
533 836 767 888 proprium,
801 849 826 876 a
857 834 995 877 basali
1025 840 1148 889 parte
1179 836 1233 877 ad
1266 838 1598 889 carpostomium

61 906 298 952 extensum,
336 903 448 943 inter
486 903 661 944 cellulas
702 905 899 957 proprias
937 905 1204 945 mentiuntur
1235 904 1388 959 (radiis
1420 905 1597 946 cellula-

62 985 158 1011 rum
189 970 351 1012 frondis
390 971 545 1012 sterilis
578 977 626 1012 ut
656 973 877 1027 conjiciam
909 972 1138 1028 analogis).
1198 973 1263 1015 Ex
1294 974 1362 1014 his
1393 974 1475 1015 filis
1506 975 1600 1027 ipsa

62 1040 263 1093 placenta
293 1041 517 1093 provenire
550 1041 731 1089 videtur.
764 1041 1013 1082 fasciculum
1047 1042 1245 1083 emittens
1267 1042 1439 1083 filorum
1460 1057 1598 1096 praeg-

63 1108 271 1158 nantium,
305 1123 489 1162 quorum
511 1110 553 1150 in
576 1110 770 1151 articulis
801 1110 1012 1163 supremis
1044 1111 1275 1162 gemmidia
1306 1125 1463 1163 magna
1484 1113 1599 1166 pyri-

65 1176 388 1219 formi-clavata
419 1178 686 1219 evolvuntur.
1460 1170 1467 1180 ’

68 1271 102 1309 1.
134 1268 178 1310 C.
211 1283 452 1310 UMBELLATA
483 1269 550 1323 (J.
583 1268 664 1322 Ay.
696 1272 842 1325 mser.)
873 1269 1037 1311 frondis
1060 1270 1409 1311 subumbellatim
1432 1270 1600 1312 decom-

179 1338 327 1390 posita>
359 1338 491 1378 ramis
523 1352 548 1378 a
578 1337 735 1378 vertice
767 1338 939 1378 articuli
970 1338 1420 1392 cylindraceo-clavati
1451 1353 1601 1392 prove-

180 1405 397 1447 nientibus
428 1405 639 1459 pluribus,
672 1407 908 1458 maioribus
940 1406 1229 1448 conformibus
1251 1408 1409 1448 iterum
1431 1421 1601 1462 compo-

180 1475 283 1525 sitis,
316 1474 553 1516 minoribus
585 1479 626 1516 et
656 1476 957 1517 terminalibus
997 1484 1221 1517 ramorum
1256 1476 1602 1529 simpliciusculis

180 1542 653 1597 clavato-cylindraceis
686 1545 862 1595 obtusis,
895 1544 1088 1585 articulis
1134 1545 1176 1585 in
1222 1544 1343 1586 caule
1389 1545 1604 1586 adultiore

181 1611 318 1664 magis
351 1611 566 1653 obsoletis.
616 1610 881 1664 Corallopssesss
912 1613 1204 1654 australasiffl
1238 1613 1365 1654 Soml.
1399 1615 1442 1654 in
1474 1614 1602 1656 Limz.

194 1679 280 1720 Vol.
313 1680 363 1720 25
387 1694 434 1732 p.
467 1681 558 1721 (587.
595 1681 724 1721 Κίὶίῑ.
757 1681 839 1722 tab.
876 1679 1002 1734 Plagyc.
1047 1680 1134 1722 Vol.
1171 1681 1298 1723 XIX
1326 1682 1407 1723 tab.
1439 1681 1521 1722 28?

182 1747 291 1789 Hab.
324 1748 379 1789 ad
412 1762 508 1790 oras
540 1748 667 1789 Novae
699 1748 943 1790 Hellandiae
986 1749 1271 1790 occidentales
1303 1754 1345 1790 et
1377 1750 1603 1791 australes.

161 1827 388 1871 Specimina,
415 1839 496 1871 quae
525 1827 616 1871 vidi,
659 1831 747 1861 sunt
785 1828 1084 1872 3——lpollicaria‚
1122 1828 1253 1862 habitu
1280 1832 1318 1862 et
1342 1828 1437 1863 facie
1462 1829 1541 1864 fere
1568 1830 1606 1864 C.

71 1884 244 1928 clavatae,
272 1884 302 1917 si
329 1883 640 1918 ramificationem
667 1885 819 1919 omnino
857 1885 1048 1919 diversam
1085 1885 1265 1929 excipias.
1316 1885 1608 1931 Sphaerosporas

72 1941 149 1976 vidi
176 1953 258 1975 cum
283 1941 329 1975 iis
358 1941 396 1975 C.
425 1941 583 1975 clavatae
611 1944 867 1986 congruentes
888 1944 926 1975 et
954 1944 1184 1975 structuram
1211 1941 1350 1975 Generi
1376 1943 1608 1987 adscriptam

69 1999 108 2033 in
136 2000 204 2033 hac
230 1999 356 2044 specie
382 1999 574 2044 praecipue
601 1998 817 2033 evidentem
843 1999 934 2034 vidi.
984 1999 1165 2032 Tabulam
1198 1999 1350 2033 allatam
1388 2000 1609 2045 Kutzingia-

70 2068 157 2090 nam
182 2059 353 2090 nostram
391 2056 556 2100 speciem
594 2055 751 2100 referre,
788 2055 851 2090 vix
877 2056 1124 2100 dubitassem,
1150 2056 1225 2090 nisi
1253 2059 1470 2101 structurae,
1498 2068 1609 2100 quam

69 2113 160 2158 vidi,
186 2113 313 2148 icones
339 2114 436 2147 male
461 2113 730 2157 respondeant.

71 2195 108 2235 2.
142 2193 186 2234 G.
218 2207 400 2234 CLAVATA
431 2193 579 2245 (Semi.
610 2194 656 2235 m
688 2193 786 2234 Lm.
831 2192 918 2234 Vol.
951 2194 1002 2233 :25
1025 2207 1072 2246 p.
1107 2194 1208 2247 694)
1238 2193 1402 2233 frondis
1435 2193 1610 2246 subpin-

186 2263 322 2304 natim
354 2262 655 2314 decompositae
687 2261 818 2302 ramis
840 2261 1080 2302 lateraliter
1112 2265 1154 2302 et
1185 2275 1289 2314 vage
1322 2275 1348 2301 a
1368 2261 1490 2302 caule
1511 2275 1611 2301 con-

186 2331 306 2372 tinuo
338 2329 608 2379 exeuntibus,
644 2329 823 2370 ramulis
855 2330 1017 2382 sparsis
1038 2329 1385 2382 fasciculatisque
1416 2329 1459 2370 in
1490 2330 1611 2370 caule

187 2404 229 2441 et
259 2399 391 2440 ramis
423 2412 534 2451 saepe
558 2399 687 2440 dense
709 2398 949 2449 ramulosis,
982 2398 1454 2453 cylindraceo-clavatis
1486 2399 1610 2440 obtu-

187 2468 257 2509 sis.
291 2466 534 2508 Laurencia
566 2466 735 2509 clavata
770 2466 898 2509 Sond.
930 2466 955 2507 l.
977 2480 1008 2507 (3.
1034 2465 1249 2508 Chondria
1281 2465 1449 2507 clavata
1473 2465 1610 2507 Harv.

194 2535 320 2588 Phyle.
366 2537 500 2576 austr.
545 2534 626 2576 tab.
660 2535 751 2576 189.
798 2533 1015 2577 Chondria
1060 2534 1346 2588 corynephora
1393 2533 1530 2576 Hau-2⁷.
1566 2536 1613 2577 in

194 2605 348 2646 Trans.
382 2603 444 2644 Ir.
478 2602 614 2644 Acad.
658 2602 744 2644 Vol.
779 2604 830 2644 22
853 2617 901 2655 2).
935 2603 1028 2643 5:39.

190 2672 300 2713 Hab.
331 2671 387 2712 ad
417 2670 580 2712 Novam
611 2671 886 2714 Hollandiam
918 2671 1152 2712 australem
1183 2675 1225 2712 et
1256 2671 1574 2713 occidentalem.

170 2785 203 2827 *)
228 2784 288 2818 An
312 2784 371 2817 hee
398 2784 545 2817 cellulae
572 2783 781 2818 deficerent
806 2788 844 2818 et
870 2783 993 2829 spatia
1018 2795 1134 2819 vacua
1164 2784 1265 2818 inter
1303 2784 1366 2818 fila
1403 2787 1613 2819 anastomo-

23 2868 25 2870 ·
80 2842 204 2877 santia
228 2841 433 2875 adessent?
462 2841 561 2884 quod
587 2844 714 2875 tamen
740 2841 803 2876 vix
830 2841 1039 2875 crederem.

1414 2898 1477 2930 41²³<
