1757 3114
107 153 189 193 240
702 150 735 193 F
738 165 1038 214 uae-ELLARIEAE.

385 607 548 675 Onne
598 610 689 676 lv.
786 609 826 675 F
832 608 1364 679 UROELLARIEAE.

721 710 767 753 J.
800 710 881 765 Ay.
912 725 1036 753 mser.

220 827 338 879 Algae
377 826 677 878 inarticulatae7
718 826 802 868 filis
833 827 1108 869 interioribus
1147 827 1357 883 elongatis
1389 830 1641 886 cellulisque

106 897 374 938 brevioribus
405 897 691 938 exterioribus
723 900 944 949 contextae,
973 911 1176 939 carnosae.
1217 898 1497 954 Cystocarpia
1526 902 1644 943 intra

105 965 379 1019 receptacula
396 965 718 1019 siliquaeformia
735 966 919 1016 evoluta,
940 967 1114 1008 nucleos
1135 968 1249 1009 circa
1268 973 1436 1022 partem
1457 972 1641 1012 mediam

108 1035 301 1077 sterilem
332 1037 377 1077 in
408 1036 556 1078 orbem
587 1035 831 1089 dispositos,
864 1037 1214 1078 transversaliter
1235 1038 1407 1080 filorum
1428 1040 1643 1093 adparatu

105 1105 288 1146 invicem
319 1105 556 1155 distinctos,
604 1104 809 1146 nucleolis
856 1119 976 1146 secus
1021 1105 1336 1160 longitudinem
1380 1110 1643 1162 receptaculi

107 1173 390 1228 superpositis
422 1177 464 1215 et
490 1173 662 1215 demum
692 1172 1003 1215 confluentibus
1029 1175 1299 1228 compositos,
1322 1176 1530 1229 foventia3
1563 1193 1642 1219 nu-

105 1242 245 1290 cleoli,
278 1242 574 1283 secedentibus
612 1241 696 1283 filis
742 1241 1023 1294 periphericis
1070 1244 1223 1296 aperti7
1269 1245 1502 1297 gemmidia
1545 1247 1640 1300 plu-

105 1312 218 1352 rima
248 1310 487 1365 majuscula
531 1309 1011 1364 rotundato-angulata,
1057 1311 1174 1353 nullo
1220 1314 1448 1367 conspicuo
1492 1315 1642 1357 ordine

103 1379 362 1433 conglobata
391 1379 647 1420 continente.
707 1377 1027 1432 Sphaerosporae
1059 1380 1103 1420 in
1133 1383 1418 1434 receptaculis
1441 1383 1641 1425 subsimi-

102 1439 216 1490 libus
248 1447 560 1501 provenientes,
592 1447 710 1487 intra
749 1450 934 1487 stratum
964 1448 1284 1501 periphericum
1330 1450 1515 1504 amplius
1547 1466 1640 1493 evo-

102 1517 242 1558 lutum
273 1521 476 1570 exceptae,
508 1516 756 1570 majusculae
788 1516 1042 1570 pyriformes
1074 1519 1260 1559 zonatim
1291 1518 1449 1561 divisae.

204 1586 471 1628 Furcellaria
487 1586 541 1627 ob
560 1589 825 1627 structuram
843 1587 1100 1640 cystocarpii
1116 1587 1392 1630 abludentem
1408 1603 1506 1630 cum
1522 1590 1639 1632 nullo

102 1655 188 1697 alio
209 1655 510 1698 Floridearum
532 1668 687 1708 genere
704 1655 812 1696 bene
829 1655 1112 1696 consociatur.
1147 1653 1254 1696 Cum
1272 1657 1447 1711 Polyide
1464 1658 1497 1699 F
1500 1659 1638 1700 urcel-

101 1724 258 1766 lariam
274 1725 531 1778 conjungere
550 1727 592 1764 et
608 1723 747 1764 forma
764 1723 1094 1776 geminidiorum
1111 1728 1153 1765 et
1170 1730 1402 1777 proventus
1420 1726 1639 1767 fructuum

102 1798 260 1835 vetant.
302 1792 645 1835 Gemmidiorum
665 1791 805 1832 forma
830 1792 991 1833 indicat
1022 1792 1241 1846 I'olyidein
1264 1792 1639 1848 Corynospermeis

102 1862 340 1914 pertinere3
372 1861 438 1902 sin
470 1859 782 1901 Furcellariam
827 1858 1204 1914 Corynospermeis
1249 1862 1424 1911 referas,
1471 1878 1637 1905 omnem

103 1944 277 1983 quoque
307 1929 406 1979 vim,
438 1929 482 1969 in
513 1928 722 1969 affinitate
749 1928 998 1981 judicanda„
1031 1929 1273 1982 gemmidiis
1296 1934 1339 1970 et
1360 1933 1638 1985 cystocarpiis

101 1998 349 2051 denegabis.
391 1997 441 2038 In
473 1997 705 2050 Speciebus
736 1996 945 2050 Algarum
978 1996 1287 2038 Furcellariam
1316 1996 1637 2053 Cryptonemeis

101 2065 402 2116 adnumeravi3
443 2065 558 2118 quod
603 2064 785 2105 ducente
830 2068 1049 2105 structura
1093 2065 1276 2106 nucleoli
1321 2070 1364 2107 et
1406 2068 1638 2120 praesentia

101 2134 379 2188 carpostomii
410 2146 582 2186 quoque
612 2146 768 2186 urgere
799 2132 910 2174 licet.
951 2131 1026 2173 Sin
1057 2145 1156 2173 vero
1188 2133 1405 2175 nucleolos
1436 2135 1480 2175 in
1512 2149 1635 2189 cryp-

100 2204 157 2244 tis
188 2216 309 2244 secus
341 2201 655 2255 longitudinem
691 2199 953 2253 receptaculi
990 2200 1199 2253 elongatis
1237 2201 1334 2254 plus
1365 2203 1504 2244 minus
1536 2217 1635 2244 con-
1679 2195 1683 2197 i

100 2270 283 2313 fluentes
314 2284 411 2311 cum
442 2268 605 2310 nucleis
640 2268 816 2309 minutis
862 2266 1274 2322 Cryptonemearum
1306 2272 1635 2323 comparaveris,

100 2339 281 2380 nimium
326 2339 518 2379 diversos
563 2337 752 2391 putabis.
820 2336 885 2378 Ex
930 2336 1070 2378 altera
1114 2342 1239 2390 parte
1279 2338 1314 2379 si
1360 2339 1413 2380 ob
1460 2339 1633 2381 nucleos

100 2408 247 2461 plures
279 2406 541 2449 confluentes
571 2406 882 2447 Furoellariam
908 2406 1282 2460 ,Uocciospermeis
1313 2407 1474 2449 referre
1497 2409 1633 2450 malu-

100 2478 198 2527 eris,
230 2477 375 2519 obstat
405 2475 520 2530 quod
552 2475 693 2516 nuclei
724 2489 807 2516 non
838 2475 881 2516 in
913 2475 1055 2517 media
1099 2476 1266 2527 fronde,
1312 2491 1386 2518 seu
1416 2478 1460 2518 in
1492 2479 1633 2520 medio

99 2550 236 2587 strato
267 2546 482 2597 interiore,
513 2544 755 2586 formantur
787 2544 859 2585 sed
891 2545 1005 2586 circa
1035 2544 1278 2586 columnam
1310 2546 1514 2599 sterilem,
1546 2561 1633 2601 qua

100 2615 389 2668 dispositione,
422 2615 538 2656 velut
566 2613 799 2668 praesentia
830 2615 1117 2667 carpostomii,
1151 2628 1176 2655 a
1207 2614 1470 2667 Gigartineis
1508 2616 1631 2657 ablu-

98 2684 217 2725 dunt.
240 2683 403 2726 Habitu
420 2686 641 2724 structura
657 2685 700 2723 et
717 2681 1025 2736 sphaerosporis
1043 2696 1214 2736 quoque
1232 2682 1504 2736 comparatis,
1523 2683 1631 2724 Fur—

99 2751 320 2793 cellariam
351 2750 623 2804 potissimum
644 2764 740 2791 cum
762 2748 1030 2804 Cystoclonio
1052 2750 1270 2803 quandam
1290 2749 1472 2803 prodere
1495 2751 1630 2791 affini-

100 2824 231 2860 tatem
252 2819 457 2867 diceremg
480 2822 672 2860 attamen
694 2818 774 2859 hoc
796 2818 941 2859 Genus
963 2819 1023 2859 ita
1045 2833 1216 2872 quoque
1237 2817 1447 2860 abludens
1470 2820 1629 2871 putavi,

99 2893 146 2929 ut
178 2888 489 2929 Furcellariam
522 2889 564 2928 in
597 2888 797 2930 distincto
836 2888 985 2929 ordine
1017 2888 1326 2941 disponendam
1360 2888 1627 2929 crediderim.
