1757 3114
104 158 184 200 638
743 157 1008 199 CHONDRIEAE.
1410 158 1635 200 Ricard‘ia.

217 272 286 313 vix
317 276 492 313 mutatae
526 270 934 324 subhemisphaerice
964 270 1221 323 promfflula,
1254 269 1381 323 plura
1412 271 1634 325 juxta-po-

218 341 313 391 sita,
336 342 451 382 intra
472 341 787 394 pericarpicum
810 344 982 389 tectum„
1006 340 1292 391 carpostomio
1313 343 1547 392 pertusum,
1570 338 1635 379 fa-

218 408 421 449 sciculum
453 407 770 461 subsimplicem
801 407 971 448 filorum
1011 407 1325 459 przegnantium
1364 407 1634 459 generantia3

208 477 292 517 *fila
322 475 635 530 gemmidiifera
678 476 856 517 invicem
902 475 1051 525 libera,
1084 489 1109 515 a
1139 475 1338 528 placenta
1381 476 1521 517 basali
1561 476 1635 516 ad-

219 545 478 593 scendentia,
510 545 656 597 paucis
695 544 889 585 articulis
927 543 1172 591 constituta,
1204 543 1247 584 in
1277 544 1459 585 articulo
1482 531 1635 584 'termi-

219 613 306 653 nali
338 613 568 666 gemmidia
598 611 766 666 singula
787 611 1241 666 obovato-pyriformia
1261 611 1457 653 foventia.
1492 612 1635 665 Sphae-

215 695 403 734 rosporoe
433 682 477 722 in
508 681 702 734 apicibus
746 681 964 722 frondium
1009 694 1259 730 numerosae,
1304 681 1421 722 intra
1459 682 1635 722 cellulas

218 750 522 791 subcorticales
560 750 767 801 formatae,
801 749 1043 791 rotundatae
1074 751 1297 791 cruciatim
1329 751 1485 792 divisae.
1545 751 1636 792 Au-

218 818 401 860 tlaerz'dz'a
432 819 545 860 inter
576 818 684 872 pilos
716 834 765 860 ex
797 818 960 859 frondis
994 818 1112 871 apice
1150 818 1431 860 fasciculatim
1471 819 1636 873 egredi-

217 885 384 927 dientes
415 900 578 940 sparsa‚
613 887 797 940 oblonga
829 887 1034 939 stipitata.

221 990 365 1030 Grenus
397 989 486 1030 sine
517 989 648 1031 dubio
679 990 745 1030 sui
771 990 894 1043 juris,
934 993 1153 1030 structura
1189 989 1352 1031 frondis
1384 988 1636 1045 Chrysyme-

106 1058 186 1099 niae
218 1057 462 1112 analogum,
492 1057 635 1099 fructu
666 1059 791 1112 longe
823 1059 1050 1100 diversum.
1112 1058 1391 1113 Cystoeznpia
1435 1061 1635 1102 nimirum

106 1130 206 1167 sunt
236 1127 291 1167 ad
323 1131 472 1180 typum
504 1124 844 1168 Chondriearum
876 1126 1086 1169 confecta:
1133 1131 1291 1168 tectum
1324 1128 1637 1181 pericarpicum

106 1208 157 1236 ex
189 1198 324 1236 strato
370 1195 638 1248 peripherico
684 1194 847 1236 frondis
892 1195 1011 1236 tenui
1056 1195 1353 1242 constituitur:
1386 1196 1637 1237 membrana

105 1263 244 1316 magis
276 1263 547 1316 planiuscula
578 1263 757 1304 fundum
779 1264 1034 1318 cystocarpii
1056 1267 1255 1317 occupat3
1288 1278 1309 1305 e
1332 1269 1477 1305 centro
1509 1265 1637 1319 hujus

109 1332 247 1385 surgit
277 1331 505 1372 fasciculus
536 1330 719 1381 filorum,
752 1346 847 1385 quae
888 1332 1119 1385 gemmidia
1155 1337 1374 1385 generant.
1437 1333 1535 1387 Ipsa
1564 1334 1638 1375 fila

106 1400 421 1453 gemmidiifera
451 1401 598 1453 paucis
631 1401 835 1447 articulis,
875 1401 1096 1443 basalibus
1134 1401 1386 1451 rotundatis,
1420 1406 1461 1443 et
1490 1404 1636 1443 termi-

106 1469 194 1510 nali
225 1469 448 1524 pyriformi
479 1470 664 1511 maximo
696 1470 942 1521 constituta,
983 1470 1161 1511 invicem
1201 1470 1349 1521 libera,
1381 1471 1424 1511 in
1457 1471 1637 1512 articulo

105 1539 322 1580 terminali
353 1539 583 1593 gennnidia
614 1539 817 1581 obconica
848 1539 1020 1592 singula
1050 1539 1248 1581 foventia.
1308 1539 1638 1593 Sphaerosporas

108 1612 150 1649 et
181 1608 426 1649 antheridia
457 1623 523 1649 me
553 1609 694 1662 ipsum
725 1624 808 1650 non
840 1609 1008 1660 vidisse,
1041 1609 1176 1650 doleo.

223 1677 555 1731 Erytlnbcystis,
588 1678 740 1720 habitu
771 1678 999 1729 simillima,
1033 1683 1253 1720 structura
1283 1678 1445 1720 frondis
1468 1679 1638 1720 omnino

107 1745 276 1787 diversa
305 1746 594 1799 dignoscatur.

110 1851 144 1890 1.
176 1849 264 1890 R-ic.
297 1849 548 1891 MONTAGNEI
582 1848 713 1892 Derb.
746 1853 783 1892 et
815 1850 898 1893 Sol.
931 1850 955 1891 l.
991 1864 1022 1892 c.
1055 1850 1247 1892 Zanard.
1279 1851 1394 1892 leon.
1427 1851 1535 1893 Adr.
1557 1851 1638 1893 tal).

226 1917 358 1959 LXI.

222 1986 331 2028 Hab.
362 1987 406 2027 in
438 1988 547 2028 mari
577 1987 788 2029 adriatico
818 1988 863 2028 in
885 1988 1106 2040 speciebus
1128 1987 1370 2029 Laurentiae
1392 1988 1638 2041 parasitica.

198 2063 376 2100 Plantula
402 2066 553 2110 pusilla,
581 2066 854 2111 semipollicem
882 2066 945 2101 vix
971 2077 1153 2111 superans
1180 2067 1430 2112 longitudine.

107 2230 217 2281 CLX.
254 2234 663 2280 ERYTHROCYSTIS
699 2230 745 2273 J.
791 2231 872 2285 Ay.
912 2245 1032 2273 mser.
1083 2230 1376 2285 Saccioplzora,
1433 2233 1641 2288 subgyemcs

220 2299 538 2343 Lomentarioe?
571 2302 615 2343 in
650 2299 765 2353 Spec.
801 2299 897 2355 Aly.
920 2315 970 2354 p.
1003 2301 1096 2342 738.

110 2404 246 2447 Frons
277 2405 534 2456 caulesizens,
572 2405 750 2446 ramulis
795 2404 1039 2447 vesiculosis
1085 2405 1308 2456 instructa,
1354 2406 1475 2447 caule
1507 2406 1641 2448 solido

222 2473 424 2515 celluloso
456 2472 622 2515 cellulis
652 2473 928 2514 interioribus
960 2472 1168 2526 elongatis
1200 2476 1242 2513 et
1272 2474 1546 2516 corticalibus
1572 2489 1640 2516 ro-

220 2542 413 2583 tundatis
459 2542 702 2593 constituto,
749 2542 927 2583 ramulis
972 2542 1085 2583 cavis
1130 2542 1245 2583 intus
1295 2542 1368 2583 fila
1413 2543 1643 2585 articulata

225 2611 435 2661 densiora,
470 2610 737 2664 superficiem
768 2624 914 2651 versus
944 2610 986 2651 in
1007 2609 1080 2651 fila
1101 2608 1321 2651 verticalia
1341 2610 1643 2653 moniliformia

227 2679 449 2731 fastigiata
479 2678 696 2729 abeuntia,
728 2678 987 2732 gerentibus.
1035 2677 1317 2731 Cystocarffl'a
1354 2679 1532 2720 ramulis
1564 2680 1640 2720 im-

227 2761 380 2794 mersa,
413 2748 528 2789 infra
559 2746 825 2800 superficiem
858 2747 1053 2788 distentis
1084 2746 1165 2788 filis
1205 2750 1420 2798 excavata,
1459 2750 1501 2788 et
1530 2761 1641 2789 sece-

222 2816 338 2857 tibus
370 2815 451 2857 filis
474 2816 753 2869 periphericis
775 2815 1107 2869 cai-postomium
1129 2814 1371 2867 formantia,
1392 2814 1640 2856 fasciculum

223 2883 459 2937 simplicem
489 2883 659 2927 filorum
690 2883 1006 2937 praegnantium
1036 2883 1308 2937 generantia3
1353 2882 1426 2924 fila
1462 2885 1641 2937 gemmi-
