1757 3114
133 95 215 137 382
756 97 1047 146 SQUAMARIEAE.
1347 98 1665 154 Peyssonnezia.

136 210 171 249 1.
203 207 274 250 CR.
306 223 515 251 ARMORICA
548 209 719 254 Grouan
749 212 795 254 in
826 212 940 254 Arm.
975 213 1038 255 Sc.
1075 214 1177 256 Nat.
1209 215 1318 256 4:111e
1352 214 1440 257 Ser.
1473 217 1567 256 tom.
1600 214 1665 253 12.

237 278 302 330 pl.
335 279 386 319 22
414 279 484 331 fif).
519 278 572 320 G.
603 280 779 321 34-37.
814 280 884 322 Fz.
920 274 1078 323 Fmilfft.
1100 295 1148 335 p.
1181 283 1260 324 148
1296 283 1364 325 Ρῑ.
1398 284 1447 324 19
1478 282 1664 324 22:0128.

330 357 440 399 Hab.
472 358 516 398 in
549 359 782 402 Melobesia
813 364 854 402 et
884 360 1104 403 Haliotide
1134 362 1189 403 ad
1220 362 1358 404 Brest.

133 545 254 594 Xffl.
294 545 677 598 PEYSSONNELIA
716 556 884 600 Decsne
914 557 959 600 J.
992 558 1072 612 Ay.
1107 558 1178 611 Sp.
1201 571 1248 611 p.
1280 559 1372 599 499.

134 670 269 712 Frons
314 670 642 714 horizontaliter
687 686 888 726 expansa,
935 673 990 714 ab
1020 671 1224 713 inferiore
1261 671 1420 725 pagina
1450 670 1662 720 radicalis,

244 740 393 781 stratis
424 740 588 783 duobus
620 746 694 783 aut
725 742 864 783 tribus
896 744 1115 792 contexta3
1150 744 1286 782 strato
1326 739 1527 782 inferiore
1558 739 1663 781 cel--

244 807 345 849 lulis
375 808 419 849 in
450 808 523 850 fila
555 810 854 852 decumbentia
883 809 1138 851 flabellatim
1170 809 1387 850 radiantia
1409 809 1663 863 conjunctis3

245 877 469 929 superiore
501 877 666 920 cellulis
698 879 740 919 in
771 878 845 919 fila
875 878 1086 919 arcuatim
1117 878 1172 919 ab
1203 877 1404 918 inferiore
1436 891 1663 918 excurren-
1720 912 1743 937 Ι,

243 945 305 985 tia
335 946 564 997 concretis3
611 951 747 988 strato
794 946 986 988 corticali
1031 946 1291 999 adparenter
1336 945 1549 997 distincto,
1580 945 1663 986 filis

244 1013 519 1057 verticalibus
565 1016 762 1057 brevibus
809 1015 1049 1057 articulatis
1095 1018 1328 1061 constante.
1373 1015 1417 1054 in
1448 1013 1663 1054 nonnullis

243 1086 465 1134 praesente.
528 1083 712 1125 Fructus
758 1084 984 1137 utriusque
1030 1083 1199 1136 generis
1237 1083 1281 1123 in
1313 1081 1544 1135 spongiolis
1589 1096 1662 1122 ne-

243 1150 563 1192 mathecioideis
604 1150 944 1204 superficialibus
991 1150 1161 1201 evoluti,
1194 1149 1277 1191 filis
1309 1149 1489 1202 singulis
1520 1153 1662 1191 trans-

242 1220 418 1261 mutatis
450 1219 707 1261 nemathecii
737 1220 925 1268 formati.
957 1219 1313 1273 paranematibus
1359 1218 1518 1272 stipati.
1581 1217 1662 1272 Gy-

242 1289 448 1340 stocarpiz'
491 1288 641 1329 nucleo
674 1288 1094 1342 elongato-oblongo,
1141 1287 1381 1341 gemmidiis
1426 1287 1661 1328 discoideo-

242 1356 484 1397 rotundatis
517 1356 779 1398 articulatim
803 1357 985 1408 seriatis,
1009 1356 1176 1398 duobus
1199 1359 1274 1396 aut
1295 1355 1661 1397 numerosioribus

242 1425 486 1467 constituto.
512 1424 826 1478 Splioerosporoe
843 1426 1038 1479 oblongae
1056 1425 1279 1466 cruciatiin
1297 1423 1453 1465 divisae.
1476 1422 1662 1476 (Deesue

233 1493 297 1545 pl.
330 1493 449 1535 arab.
482 1494 564 1535 tab.
610 1493 655 1535 V.
675 1494 752 1547 fiy.
786 1494 834 1534 16
868 1497 911 1535 et
943 1495 1005 1534 17.
1046 1494 1174 1535 Kame.
1211 1491 1340 1545 Phyc.
1373 1492 1442 1534 tab
1472 1493 1523 1532 77
1559 1492 1597 1533 I.
1628 1495 1666 1533 et

242 1561 327 1602 lah.
365 1560 535 1615 Plzgycol.
578 1560 664 1603 Vol.
701 1561 829 1603 XIX
857 1562 939 1604 tab.
971 1562 1070 1617 871).

244 1663 379 1713 Quale
411 1678 546 1718 genus
577 1664 705 1706 hodie
752 1665 1040 1714 constituitur,
1087 1663 1396 1717 sphaerosporis
1442 1662 1663 1704 cruciatim

129 1732 290 1783 divisis,
321 1734 434 1775 inter
462 1733 536 1774 fila
567 1733 694 1774 strati
727 1733 1032 1775 nematheciosi
1064 1732 1255 1783 evolutis,
1278 1731 1548 1785 potissimum
1570 1731 1663 1785 dig-

129 1805 345 1843 noscatur.
387 1800 677 1856 Cystocarpiis
708 1802 752 1843 in
784 1802 1053 1855 paucissimis
1085 1800 1378 1854 Squamarieis
1408 1799 1534 1841 hodie
1565 1813 1663 1852 cog-

130 1871 244 1922 nitis,
277 1871 489 1912 incertum
520 1874 666 1912 manet
697 1883 752 1911 an
797 1869 1050 1911 differentiis
1096 1869 1460 1923 cystocarpiorum
1505 1881 1664 1922 genera

129 1939 449 1994 dignoscantur.

243 2007 393 2057 Quoad
440 2010 704 2049 structuram
749 2006 914 2048 frondis
947 2006 1120 2059 species,
1159 2019 1254 2058 quae
1286 2004 1341 2046 acl
1372 2017 1506 2057 genus
1537 2004 1663 2047 hodie

129 2074 390 2126 referuntur,
420 2075 598 2116 invicem
648 2074 866 2128 paulisper
904 2074 1119 2115 differunt.
1180 2073 1229 2113 In
1261 2073 1479 2126 speciebus
1510 2073 1663 2127 typicis

130 2145 312 2188 Generis
344 2145 428 2187 duo
469 2148 608 2187 strata
652 2144 848 2186 frondem
894 2143 1198 2186 constituentia
1243 2143 1507 2197 distinguere
1552 2143 1663 2185 licet.

129 2213 327 2265 Inferius,
376 2228 427 2255 ex
475 2227 558 2267 quo
594 2212 799 2254 radiculae
843 2212 1065 2254 filiformes
1112 2211 1454 2265 simpliciusculae
1486 2216 1528 2253 et
1558 2213 1663 2254 arti-

129 2281 282 2323 culatae
314 2281 590 2329 descendunt,
624 2284 688 2322 est
719 2280 1045 2322 horizontaliter
1076 2293 1312 2333 expansum
1335 2284 1376 2321 et
1398 2279 1562 2321 cellulis
1585 2293 1663 2321 sae-

129 2351 226 2404 pius
257 2347 582 2391 horizontaliter
613 2348 837 2402 elongatis,
871 2349 1054 2401 simplici
1085 2353 1161 2389 aut
1192 2344 1364 2401 duplici
1393 2348 1503 2389 serie
1534 2348 1663 2389 verti-

130 2419 212 2460 cali
244 2418 462 2471 dispositis
493 2421 739 2459 contextum
771 2421 846 2459 est.
889 2416 931 2458 Si
962 2416 1081 2459 frons
1104 2431 1128 2457 a
1151 2416 1373 2470 superficie
1396 2417 1662 2465 observatur,

130 2485 295 2528 cellulae
328 2486 453 2540 hujus
486 2486 612 2527 strati
642 2486 684 2526 in
715 2484 787 2525 fila
817 2484 1029 2538 elongata,
1063 2485 1296 2527 directione
1326 2484 1438 2525 radii
1469 2482 1663 2525 flabella-

130 2555 207 2596 tim
254 2554 527 2596 excurrentia
571 2554 807 2607 conjunctae
853 2552 1077 2606 adparent.
1137 2552 1201 2594 Ex
1232 2552 1311 2594 hoc
1352 2555 1502 2599 strato,
1549 2551 1664 2605 quod

130 2622 295 2664 frondis
326 2621 508 2663 formam
541 2621 829 2663 determinare
873 2620 1054 2672 videtur,
1100 2624 1257 2663 exeunt
1301 2619 1375 2661 fila
1419 2618 1591 2673 oblique
1623 2623 1664 2661 et

131 2689 343 2731 arcuatim
373 2689 691 2739 adscendentkz,
716 2689 871 2743 quibus
893 2688 1110 2730 crassities
1133 2688 1300 2730 frondis
1322 2687 1538 2740 praecipue
1560 2701 1663 2740 pen-

130 2758 215 2799 det.
276 2757 376 2799 11366
407 2762 472 2799 est
502 2760 721 2799 structura
752 2756 1002 2810 specierum,
1042 2770 1135 2810 quae
1174 2756 1253 2798 hoc
1294 2755 1387 2796 loco
1427 2754 1481 2795 ad
1513 2755 1663 2796 sectio-

133 2839 230 2866 nem
262 2824 530 2879 Squamariae
562 2824 822 2867 referuntur.
