1757 3114
80 119 161 160 698

80 231 226 275 species
253 243 378 266 coram
405 231 594 266 habuisse.
643 231 704 275 (In
731 235 889 275 utraque
922 232 1056 266 saltem
1087 231 1244 266 formam
1270 231 1489 275 generalem
1514 230 1613 265 fron-

80 286 138 321 dis
165 288 324 322 eandem
350 288 456 332 vidi).
491 288 611 323 Frons
639 291 718 323 tota
743 289 892 323 cellulis
920 288 1348 333 angulato-rotundatis‚
1368 287 1615 323 interioribus

80 345 200 390 magis
234 346 407 391 oblongis
435 345 768 390 longitudinaliter
805 346 1017 391 dispositis,
1055 345 1239 380 diametro
1266 345 1329 380 vix
1355 346 1468 391 duplo
1494 345 1614 390 longi-

78 402 224 439 oribus:
253 401 505 437 exterioribus
531 402 652 447 magis
687 403 923 437 verticaliter
956 401 1107 447 positis,
1140 401 1203 436 vix
1228 401 1266 435 in
1292 401 1356 435 fila
1381 402 1534 447 propria
1559 413 1615 436 se-

80 459 205 497 riatis:
233 459 451 503 superficies
478 459 690 503 inaequalis,
725 471 831 494 muco
864 459 970 503 quasi
997 459 1101 494 nullo
1126 459 1283 493 cellulas
1311 458 1524 493 cohibente.
1573 459 1616 492 In

81 517 327 562 cystocarpiis
356 519 486 561 (supra
512 517 641 560 dictis>
669 521 830 551 stratum
858 517 1036 551 corticale
1063 517 1100 550 in
1127 517 1189 550 fila
1216 517 1394 561 elongata
1419 515 1617 550 verticalia

81 575 271 608 evolutum
298 575 394 614 vidi:
421 574 626 608 centralem
649 577 794 618 partem
815 573 1041 617 cystocarpii
1070 573 1239 608 seriebus
1265 573 1487 607 cellularum
1514 573 1616 607 elon-

80 631 179 675 gatis
207 643 228 664 a
255 634 362 676 parte
387 631 506 665 basali
534 631 772 666 radiantibus
798 630 1063 671 constitutam:
1102 630 1165 664 fila
1191 633 1313 664 autem
1341 629 1617 675 gemmidiifera

83 688 236 733 propria
261 689 366 722 nulla
391 689 594 722 observare
621 687 796 732 contigit.

170 781 263 816 Mihi
289 781 408 815 forma
433 780 584 815 omnino
611 792 719 823 nova,
745 780 870 814 fructu
897 782 1022 813 autem
1048 779 1179 824 ignoto
1205 779 1430 813 affininitate
1456 780 1615 813 incerta.

80 838 238 874 Nescius
266 850 337 881 quo
364 839 445 874 loco
470 837 603 872 melius
643 838 922 882 disponeretur,
962 837 1007 871 ad
1045 835 1319 870 Sarcocladiam
1358 835 1486 878 retuli,
1512 836 1616 879 cujus

82 895 227 940 species
254 898 366 929 antea
403 895 556 940 cognita
592 906 712 938 neque
751 893 947 928 crescendi
986 893 1094 928 modo
1132 893 1284 927 omnino
1321 891 1457 935 aliena,
1496 903 1616 935 neque

82 956 273 987 structura
297 952 441 987 frondis
469 953 668 988 admodum
695 952 845 986 diversa
871 951 1064 996 adpareat.

83 1085 179 1125 pag.
213 1071 303 1111 460.
336 1069 467 1112 adde:

81 1198 383 1240 NITOPHYLLUM
415 1212 676 1239 MULTnloBUM
708 1198 775 1251 (J.
809 1197 890 1247 Aa.
922 1199 1068 1250 mser.)
1110 1197 1261 1238 fronde
1308 1211 1438 1250 supra
1483 1197 1614 1250 adpa-

196 1270 339 1307 ratum
386 1265 619 1307 radicalem
665 1266 919 1307 laminatum
965 1265 1335 1312 e1·e(·tiuscula.in
1367 1265 1506 1306 medio
1552 1266 1615 1306 in-

194 1338 388 1375 crassata
433 1334 796 1381 subcaulescente,
844 1348 1026 1387 superne
1073 1333 1617 1387 dichotomo-subpalmata

195 1404 499 1456 decomposita,
532 1403 699 1444 laciniis
747 1403 943 1455 oblongis
989 1403 1214 1444 enervibus
1261 1402 1454 1456 margine
1485 1403 1615 1444 inciso

195 1473 354 1515 Iobatis
387 1472 693 1526 undulatisque
739 1487 871 1525 supra
917 1472 1034 1514 sinus
1080 1475 1284 1526 angustos
1323 1472 1616 1513 erectiusculis

194 1543 372 1584 invicem
406 1542 687 1595 superpositis
732 1541 942 1594 plurimis,
989 1541 1291 1583 terminalibus
1331 1541 1616 1582 obtusissimis

195 1611 433 1664 obtuseque
478 1610 652 1660 Iobatis,
699 1610 806 1651 soris
845 1624 922 1663 per
953 1613 1175 1663 segmenta
1220 1609 1444 1663 superiora
1488 1624 1616 1650 zonas

196 1680 379 1733 majores
409 1683 651 1720 transverse
683 1678 890 1732 oblongas
922 1678 1223 1719 formantibus.

246 1759 356 1801 Hab.
388 1758 443 1800 ad
475 1758 765 1811 Golden-gate
797 1757 1064 1799 Californiae:
1097 1756 1338 1810 Berggren!

174 1866 357 1910 Caespites
385 1867 473 1899 2-3
498 1866 700 1910 pollicares
729 1867 773 1900 ab
799 1866 983 1911 adparatu
1010 1865 1166 1899 radicali
1185 1864 1224 1899 in
1242 1865 1413 1898 lamellas
1438 1865 1619 1909 plurimas

83 1927 243 1958 extenso
269 1923 567 1968 hemisphaerici,
593 1923 790 1959 frondibus
818 1923 1006 1968 plurimis7
1035 1935 1149 1967 supra
1173 1922 1336 1956 radicem
1365 1921 1618 1956 eminentibus

84 1980 297 2015 constituti.
346 1980 516 2014 Frondes
555 1980 715 2024 singulae
755 1979 922 2024 ejusdem
960 1979 1226 2023 longitudinis,
1252 1978 1399 2013 inferne
1430 1978 1469 2012 in
1493 1978 1619 2013 medio

85 2037 303 2071 incra-ssatae
333 2039 371 2070 et
397 2037 742 2070 subcaulescentes.
782 2049 943 2081 superne
981 2037 1020 2070 in
1055 2036 1213 2070 laminas
1252 2035 1431 2079 plurimas
1470 2035 1621 2069 avenias

87 2097 276 2133 extensae3
302 2093 449 2127 laciniae
477 2094 522 2127 ad
553 2092 714 2126 mediam
753 2096 901 2137 partem
937 2093 1081 2127 frondis
1120 2092 1292 2136 plurimae
1335 2091 1621 2136 adproxiniatae,

84 2152 162 2186 fere
189 2151 383 2195 palmatim
410 2151 620 2194 conjunctae
648 2152 686 2184 et
712 2150 838 2184 axillis
877 2149 1107 2184 acutissimis
1146 2149 1423 2191 erectiusculae,
1450 2149 1534 2182 aliis
1563 2161 1620 2183 su-

85 2220 153 2252 pra
179 2207 270 2241 alias
299 2206 495 2252 expansis3
530 2206 690 2251 singulae
720 2206 798 2241 fere
836 2207 1025 2251 oblongae,
1065 2203 1256 2240 undulatae
1295 2205 1543 2250 margineque
1569 2206 1621 2240 lo-

83 2266 195 2299 batae.
232 2264 326 2299 Lobi
353 2264 582 2309 adparenter
606 2263 907 2306 integriusculae,
936 2264 1002 2297 sub
1021 2262 1268 2307 microscopio
1294 2264 1504 2297 observatae
1525 2274 1621 2296 mar-

84 2321 172 2366 gine
199 2322 304 2365 quasi
330 2321 552 2356 incrassato.
578 2320 640 2354 hic
665 2320 744 2354 illic
763 2320 801 2353 in
820 2320 992 2354 crenulas
1012 2319 1075 2353 vix
1094 2319 1327 2363 prominulas
1347 2319 1467 2354 inciso
1485 2320 1619 2355 cinctae

85 2379 304 2424 adpareant.
340 2378 421 2413 Sori
446 2378 485 2411 in
510 2377 607 2412 lobis
636 2376 889 2412 exterioribus
909 2377 1036 2421 plures
1056 2388 1166 2411 zonas
1186 2377 1477 2419 transversales‚
1498 2380 1620 2410 trans-

84 2435 287 2470 versaliter
324 2436 520 2480 oblongas,
548 2446 647 2468 nunc
677 2434 756 2468 fere
789 2433 1108 2468 bulloso-inflatas
1143 2433 1320 2467 efficiunt.
1369 2432 1619 2467 Transversa-

85 2492 174 2526 liter
201 2495 315 2535 secta,
342 2492 444 2527 frons
470 2491 682 2526 incrassata
708 2491 877 2525 seriebus
905 2490 1125 2524 cellularum
1153 2491 1234 2524 3-5
1263 2489 1514 2534 superpositis
1534 2502 1619 2525 con-

87 2552 189 2583 stare
216 2549 381 2590 videtur‚
408 2549 594 2590 tenuiore,
620 2549 659 2582 ni
686 2548 810 2590 fallor,
836 2547 1181 2582 monostromatica.
1218 2547 1329 2581 Color
1355 2548 1512 2582 obscure
1532 2560 1618 2591 pur-

86 2617 305 2650 purascens,
332 2605 371 2639 in
397 2605 537 2639 nostris
566 2605 817 2640 adultioribus
843 2604 882 2638 in
909 2604 1059 2639 sordide
1087 2604 1338 2639 virescentem
1359 2616 1456 2638 nunc
1475 2604 1617 2646 abiens,

87 2666 124 2697 et
149 2663 186 2696 in
213 2663 272 2696 his
299 2662 439 2696 chartae
467 2674 542 2695 non
569 2661 768 2696 admodum
795 2661 1006 2695 adhaerens.

177 2743 220 2776 In
246 2741 344 2776 serie
372 2741 585 2786 specierum
611 2745 698 2786 post
724 2742 768 2776 N.
796 2741 1082 2786 cartilagineum
1103 2741 1307 2776 inserenda
1326 2741 1494 2777 videtur:
1522 2741 1616 2775 soris

86 2801 234 2845 magnis
261 2801 580 2837 transversalibus
619 2802 665 2837 ab
690 2800 862 2837 omnibus
899 2800 990 2835 mihi
1029 2800 1193 2846 cognitis
1236 2800 1432 2846 speciebus
1469 2799 1617 2834 abunde

87 2857 250 2895 diversa.
